2429 4062
247 108 288 144 18

250 192 404 233 quanto
421 178 530 219 haud
551 180 758 234 quisquam
770 180 867 219 alius
882 193 974 219 ante
986 193 1052 219 rex
1069 178 1124 217 est
1135 177 1202 215 de-

253 237 440 278 claratus.
473 236 621 289 Neque
631 250 676 275 ea
686 250 747 275 res
755 236 976 290 Tarquinio
988 236 1092 287 spem
1108 230 1205 273 affe—

252 291 387 332 &tandi
403 294 515 345 regni
529 295 698 337 minuit:
715 296 797 331 imo
807 307 855 332 eo
870 292 1077 345 impensius
1088 318 1098 334 ‚
1117 291 1208 342 quia

253 347 304 386 de
314 361 409 402 agro
418 348 542 402 plebis
552 348 764 387 aduersum
774 347 889 387 Patri‘i
899 346 1108 387 voluntate
1125 345 1205 383 sen-

251 402 352 443 serat
361 407 421 458 agi
431 431 442 448 ,
458 404 695 448 criminandi
706 405 829 454 Seruij
845 403 951 458 apud
960 403 1108 445 Patres,
1119 414 1205 439 cre-

253 461 401 512 scedicp
411 465 450 498 in
461 464 570 499 curia
580 459 647 499 sibi
656 459 864 500 occasione
876 461 1012 499 datam
1022 471 1127 496 ratus
1139 456 1206 500 est,

255 520 296 554 &
310 515 386 568 ipse
401 519 555 555 iuuenis
570 517 747 555 ardentis
762 519 902 560 animi,
919 516 1206 555 &domivxore

253 570 389 609 Tullia
410 575 636 624 inquietum
657 575 834 610 animum
855 571 1094 610 stimulante.
1113 568 1208 608 tulit

253 632 361 666 enim
378 631 419 667 &
436 627 620 666 Romana
630 631 737 682 regia
749 627 904 666 sceleris
919 628 1057 681 tragici
1072 637 1206 663 exem-

256 683 369 737 plum
386 711 396 728 ,
412 695 456 722 vt
477 682 596 722 taedio
617 697 755 736 regum
770 687 965 722 maturior
983 685 1135 720 veniret
1155 680 1206 718 li—

259 739 390 778 bertas
410 758 420 784 ;
453 739 720 792 vltimumque
747 752 916 793 regnum
943 737 1037 777 esset
1057 766 1069 783 ,
1095 735 1207 790 quod

254 793 404 833 scelere
412 806 567 848 parturn
576 792 693 833 foret.
716 794 798 834 Hic
809 796 851 833 L.
863 792 1205 847 Tarquinius,Pri-

254 850 308 889 sci
329 850 537 903 Tarquinij
559 854 658 904 regis
674 849 777 890 filius
793 852 965 906 neposne
986 848 1126 894 fuerit,
1142 862 1190 902 pa

253 918 342 945 rum
358 906 688 959 liquetzpluribus
699 920 834 946 tamen
849 905 1075 946 auctoribus
1084 906 1207 944 filium

253 961 509 1001 crediderim.
520 960 680 1002 fratrem
694 962 890 1002 habuerat
898 965 1094 1000 Aruntem
1105 962 1204 1000 Tar-

257 1021 442 1071 quinium
455 1046 466 1063 ,
488 1022 594 1057 mitis
610 1022 757 1072 ingenij
775 1023 974 1058 iuuenem.
1013 1018 1087 1056 His
1105 1017 1206 1057 duo—

257 1073 350 1119 bus,
366 1086 407 1112 vt
416 1087 510 1115 ante
526 1074 676 1114 die‘ium
687 1076 760 1119 est,
772 1074 1008 1114 duaeTulliae
1022 1073 1208 1129 regisfilie

255 1130 474 1184 nupserant
487 1158 499 1175 ‚
520 1136 560 1170 <Sc
580 1131 664 1184 ipsae
683 1131 804 1185 longe
827 1131 997 1185 dispares
1017 1130 1204 1170 moribus.

258 1185 378 1225 Forte
391 1190 447 1225 ita
462 1186 680 1232 inciderat,
694 1201 745 1226 ne
763 1187 843 1227 duo
861 1188 1037 1226 violenta
1050 1190 1209 1241 ingenia

192 1239 196 1241 ”
254 1246 512 1282 matrimonio
527 1246 808 1297 iungerentur,
826 1242 986 1282 fortuna
1002 1243 1126 1282 credo
1141 1257 1204 1298 po-

256 1299 343 1352 puli
357 1300 549 1343 Romani,
565 1313 646 1352 quo
663 1299 888 1339 diuturnius
907 1300 1029 1348 Serui]
1042 1313 1209 1353 regnum

257 1352 380 1400 effer,
403 1355 672 1408 constituique
695 1359 867 1395 ciuitatis
887 1369 1019 1395 mores
1042 1354 1207 1410 possent.

256 1410 495 1464 Augebatur
510 1410 622 1450 ferox
637 1411 773 1451 Tullia
784 1438 792 1452 ‚
809 1412 906 1450 nihil
922 1416 1209 1451 materiaeinvi-

257 1480 304 1505 ro
325 1480 459 1520 neque
483 1466 534 1506 ad
551 1467 813 1521 cupiditatem
830 1496 840 1513 ,
856 1483 990 1522 neque
1014 1468 1066 1507 ad
1087 1468 1205 1506 auda-

257 1525 362 1561 ciam
372 1521 468 1563 effe3
484 1527 618 1562 totain
628 1524 798 1562 alterum
808 1525 916 1563 versa
927 1525 1207 1577 Tarquinium,

258 1591 354 1618 eum
367 1582 513 1624 mirari,
524 1593 617 1619 eum
631 1584 758 1618 virum
774 1579 907 1618 dicere
918 1608 929 1624 ,
944 1594 988 1618 ac
998 1583 1107 1632 regio
1124 1580 1208 1617 san-

256 1640 379 1689 guine
401 1647 537 1674 ortum
558 1650 566 1671 :
597 1635 778 1688 spernere
801 1636 976 1674 sororem
993 1662 1003 1679 ‚
1024 1634 1135 1688 quod
1152 1638 1209 1672 vi-

258 1703 347 1728 rum
361 1691 477 1729 nacta
489 1691 675 1730 muliebri
697 1689 864 1730 cessaret
882 1690 1063 1729 audacia.
1095 1690 1208 1729 Con-

258 1745 383 1786 trahit
399 1746 583 1785 celeriter
598 1745 817 1786 similitudo
827 1761 910 1792 eos,
920 1761 961 1786 Vt
974 1743 1059 1785 fere
1076 1746 1120 1784 fit
1128 1760 1209 1784 ma—

257 1802 344 1841 lum
364 1803 472 1842 malo
489 1802 738 1857 aptiffimum.
757 1803 823 1842 sed
838 1807 998 1842 initium
1021 1800 1211 1841 turbandi

259 1862 395 1897 omnia
410 1857 433 1897 a
449 1856 615 1897 foemina
630 1871 764 1897 ortum
775 1859 840 1897 est.
853 1873 898 1898 ea
909 1858 1067 1897 secretis
1082 1861 1152 1896 viri
1170 1871 1209 1895 a-

255 1914 353 1952 lieni
363 1912 571 1953 affuefae‘ca
584 1913 849 1960 sermonibus,
865 1914 984 1953 nullis
997 1914 1212 1954 verborum

258 1970 517 2020 contumel'ijs
532 1983 714 2024 parcere,
730 1970 780 2010 de
795 1984 879 2010 viro
896 1971 948 2009 ad
963 1970 1122 2010 fratrem
1134 1999 1144 2015 ,
1163 1970 1211 2008 de

258 2025 393 2065 sorore
410 2026 460 2064 ad
475 2030 599 2065 virum
612 2055 622 2072 ,
639 2027 729 2078 &ſs
740 2029 859 2066 rectius
875 2028 1021 2065 viduam
1037 2055 1047 2072 ,
1062 2027 1107 2072 ῤ’
1121 2027 1213 2065 illum

256 2081 670 2139 calibemfhtummfiaffi
684 2083 947 2128 contendere,
956 2098 1057 2137 quam
1065 2087 1212 2122 camim-

249 2141 330 2193 pari
348 2140 443 2192 iungi
456 2167 467 2184 ,
488 2149 533 2178 vt
544 2139 830 2193 elanguescendum
848 2141 957 2177 aliena
976 2143 1112 2193 ignauia
1131 2139 1212 2192 effit-

246 2194 354 2244 fifibt'
366 2209 454 2240 eum,
463 2209 526 2248 quo
539 2195 640 2250 digna
653 2195 743 2248 fft,
765 2201 824 2250 Dq'
830 2195 988 2247 dea'ffnt
1001 2211 1121 2235 vcrum
1137 2214 1143 2234 :
1159 2196 1199 2234 do

259 2251 358 2299 mise
371 2251 559 2304 propediem
581 2255 733 2301 vt'suram
748 2267 886 2306 regnum
888 2252 991 2305 fmſjc
1006 2281 1015 2296 ,
1030 2253 1119 2307 quod
1130 2251 1218 2305 apud

253 2318 387 2361 patrem
402 2307 531 2346 videat.
564 2309 748 2347 celeriter
763 2309 1062 2348 adolescentem
1076 2310 1212 2347 suaete-

259 2367 452 2402 meritatis
469 2366 620 2418 implet.
658 2368 789 2404 Aruns
800 2364 1053 2418 Tarquinius,
1063 2370 1102 2404 &
1113 2364 1211 2403 Tul>

259 2420 310 2458 lia
326 2422 455 2458 minor
471 2434 593 2475 prope
614 2424 856 2460 continuatis
871 2419 1075 2460 funeribus
1091 2434 1216 2474 quum

263 2475 405 2515 domos
428 2491 573 2516 vacuas
593 2491 705 2516 nouo
728 2481 985 2516 matrimonio
1012 2475 1214 2522 feciss'ent,

261 2535 482 2585 iunguntur
491 2547 567 2586 nui<
576 2536 775 2587 tiis,rnagis
786 2548 868 2573 non
878 2533 1117 2587 prohibente
1130 2534 1209 2572 Ser-

262 2592 330 2626 uio
347 2603 464 2642 quam
476 2589 736 2643 approbante.
797 2591 905 2629 Tum
914 2590 1213 2629 veroindiesin-

263 2642 398 2684 festior
417 2645 541 2694 Tulli]
567 2646 744 2685 senectus
762 2674 773 2690 ,
803 2646 981 2686 infestius
1008 2651 1130 2700 coepit
1152 2660 1211 2685 re-

261 2714 387 2754 gnum
403 2699 488 2740 effe.
504 2705 580 2740 iam
597 2706 703 2742 enim
718 2702 766 2741 ab
777 2702 924 2742 scelere
945 2703 1053 2742 aliud
1065 2703 1212 2756 speeta-

261 2770 302 2795 re
317 2757 461 2796 mulier
476 2757 618 2796 scelus:
638 2773 715 2797 nec
730 2760 863 2805 nocie,
878 2760 1139 2798 necinterdiu
1160 2762 1211 2798 vi-

260 2826 346 2850 rum
365 2815 813 2869 cniiqiiielCerepati,ne
829 2820 1001 2869 gratuita
1016 2819 1213 2870 praeterita

260 2868 470 2923 parricidia
493 2867 634 2909 effent.
697 2880 781 2922 Qu
793 2872 863 2923 stoi
882 2872 1012 2925 defusffi
1032 2876 1085 2910 cut'
1110 2883 1213 2926 nupta

259 2924 424 2964 diceretur
438 2956 446 2969 ‚
460 2939 517 2964 nec
537 2941 611 2964 cum
625 2941 688 2981 quo
702 2939 803 2966 tacita
811 2928 954 2980 sermm
977 2946 984 2966 :
1006 2926 1137 2980 defietffi’
1156 2941 1213 2982 qus

129 3032 132 3037 ι
146 3031 150 3036 .
250 2980 288 3031 β
300 2995 398 3035 regno
410 2981 549 3036 dzgnum
557 2995 691 3037 putaret
706 3000 717 3022 .·
743 2989 802 3039 qui
818 2985 1013 3038 meminfflt
1019 2992 1058 3035 se
1071 2985 1128 3037 eſje
1143 2987 1209 3026 eri,-

79 3036 122 3065 Π
135 3031 169 3062 '¹⁴²
188 3028 247 3074 fie-
254 3040 300 3084 sci
316 3043 349 3075 T
344 3043 491 3093 arqumq
493 3039 620 3090 fillum.
630 3054 688 3094 qut
700 3039 828 3083 habere,
836 3057 937 3095 quam
940 3045 1070 3095 sperare
1077 3055 1215 3096 regnum

78 3081 145 3162 ἔφη
164 3078 250 3124 “mst'
261 3094 371 3132 mallet
379 3115 387 3139 ;
400 3094 429 3143 fi
438 3099 510 3132 tuis
530 3109 560 3133 es
570 3123 579 3140 ,
588 3099 639 3133 cut
652 3109 791 3151 nuptam
806 3098 863 3150 effe
877 3113 930 3136 me
942 3098 1097 3140 arbitror,
1107 3100 1149 3143 ῤ’
1159 3100 1211 3136 vi-

90 3139 130 3163 m·
260 3150 404 3196 num&
418 3164 524 3204 regem
543 3152 680 3205 appeHo:
699 3152 757 3205 fia
765 3167 1032 3199 mmus,eonunc
1039 3158 1134 3208 peius
1142 3169 1200 3192 mu

261 3216 335 3244 tata
349 3208 553 3261 cffrenquod
563 3207 656 3258 isthic
662 3223 736 3247 cum
751 3213 886 3264 t'gnaus'a
895 3213 1151 3265 efiscelusquin
1164 3225 1208 3249 ac-

259 3264 396 3316 cingeris
415 3266 432 3301 ?
455 3276 521 3301 non
533 3263 597 3301 tibt'
604 3264 645 3302 ab
656 3266 816 3304 Corintho
826 3295 835 3311 ‚
844 3266 947 3304 necab
958 3271 991 3305 T
987 3271 1162 3320 arquim'iffi
1171 3278 1216 3306 vt

254 3321 419 3371 patrituo
430 3346 441 3361 .
457 3323 630 3374 peregrina
649 3335 749 3375 regna
765 3323 877 3361 moliri
896 3324 1010 3374 neccſje
1022 3328 1080 3362 eft.
1114 3328 1171 3378 oq
1185 3334 1216 3362 te

253 3385 390 3427 penates
404 3402 413 3418 ,
423 3380 593 3430 patrtzque
605 3376 647 3421 ὠ
656 3383 762 3430 patros
774 3381 882 3433 imago
896 3407 904 3422 ,
924 3380 967 3424 ά
981 3379 1097 3418 domm
1110 3383 1213 3434 regia,

262 3429 307 3474 ό·
321 3433 359 3468 in
377 3430 472 3468 domo
492 3433 597 3486 regale
609 3434 734 3485 solium
751 3462 761 3479 ,
785 3436 828 3479 ἀ·
845 3448 966 3473 nomen
989 3441 1021 3473 T
1020 3439 1214 3490 arqut'mum

263 3497 368 3531 creat,
385 3499 548 3541 vocatque
559 3504 677 3542 ngcm.
695 3501 754 3528 aut
765 3491 801 3539 si
811 3491 857 3528 ad
868 3490 932 3528 hac
940 3504 1063 3544 parum
1078 3496 1125 3530 essi
1139 3496 1208 3531 ani—

261 3544 322 3585 mi,
331 3543 571 3594 quidfrustarbs
585 3548 755 3584 fluitatem
773 3556 783 3586 ἓ
817 3546 902 3601 quid
912 3558 944 3585 te
957 3558 1000 3585 vt
1015 3550 1141 3601 regium
1156 3551 1208 3587 t'u—

93 2606 236 2639 XLvu.

662 89 1315 146 T.L1V11HIST.AB
1347 90 1554 141 VRBE
1584 87 1853 143 COND.

1247 175 1420 215 rimhum:
1435 177 1605 217 deuoluere
1617 188 1703 217 retro
1715 178 1762 217 ad
1760 178 1902 232 stirpem
1911 205 1921 223 ‚
1927 176 2038 229 fratri
2040 176 2200 227 similior,

1248 236 1461 287 quampatri.
1494 235 1569 272 His
1583 233 2201 289 aliisque'increpandoiuuenem

1249 288 1406 342 instigat
1421 317 1431 333 ,
1459 303 1534 329 nec
1563 291 1847 344 conquiescere
1868 291 1945 344 ipsa
1967 289 2096 343 potest
2118 305 2126 327 :
2156 289 2203 334 fi,

1251 358 1377 397 quum
1405 343 1606 398 Tanaquil
1634 350 1842 401 peregrina
1876 346 2020 385 mulier
2043 357 2204 384 tantum

1251 402 1381 439 moliri
1401 401 1588 456 potuiss'et
1601 407 1756 447 animo,
1772 415 1814 441 vt
1829 402 1911 441 duo
1929 404 2122 441 continua
2138 415 2203 440 re-

1250 469 1325 508 gna
1336 485 1346 501 ‚
1361 461 1465 501 viro,
1480 472 1525 497 ac
1535 459 1724 511 deinceps
1740 471 1888 512 genero
1899 486 1909 503 ,
1933 456 2114 498 dedissem
2126 458 2204 512 ipsa

1250 514 1513 566 regiosemine
1523 526 1623 557 orta,
1634 515 1788 552 nullum
1797 527 2050 553 momentum
2061 517 2099 551 in
2110 511 2207 552 dan-

1251 567 1304 607 do
1329 568 1628 622 adimendoque
1652 583 1775 621 regno
1804 567 1970 610 faceret.
2015 570 2089 608 His
2111 583 2198 608 rnu-

1250 624 1438 664 liebribus
1465 626 1668 665 instinctus
1689 623 1798 663 furiis
1827 625 2071 679 Tarquinius
2087 653 2097 670 ,
2128 630 2202 664 cir·
2218 628 2390 673 Tarquinius
2409 652 2410 656 ,

1251 684 1402 720 cumire
1417 686 1458 720 &
1468 680 1703 735 prehensare
1712 684 1910 719 minorum
1922 686 2094 721 maxime
2105 678 2202 734 gen·
2217 680 2246 712 ”l
2255 688 2374 722 regnum

1249 739 1348 775 tium
1364 737 1518 782 Patres,
1534 737 1754 776 admonere
1768 741 1922 789 paterni
1941 737 2126 777 beneficii
2141 752 2204 779 ;ac
2217 726 2342 773 affectat.

1250 805 1319 846 pro
1337 808 1385 832 eo
1402 797 1569 847 gratiam
1587 805 1770 846 repetere
1793 807 1801 828 :
1828 792 1990 830 allicere
2013 793 2128 832 donis
2144 798 2205 832 iu-

1250 863 1372 888 uenes
1388 865 1395 886 :
1419 863 1503 887 tuin
1519 849 1621 888 dese
1641 852 1821 902 ingentia
1837 847 2072 901 pollicendo
2088 876 2099 891 ,
2116 861 2205 887 tum

1249 909 1350 959 regis
1366 904 1798 952 criminibusomnibus
1811 904 1910 942 locis
1927 903 2112 942 crescere.
2133 919 2206 959 pon

1248 961 1409 1003 stremo‚
1424 975 1467 1001 vt
1482 964 1561 999 iam
1574 960 1736 1015 agenda:
1753 963 1808 998 rei
1824 972 1981 1012 tempus
1995 959 2118 999 visum
2134 960 2205 1005 est,

1248 1017 1409 1071 stipatus
1423 1021 1581 1071 agmine
1597 1029 1839 1055 armatorum
1856 1020 1896 1054 in
1906 1014 2039 1055 forum
2054 1019 2206 1071 irrupit:

1247 1074 1343 1113 inde
1360 1073 1545 1113 omnibus
1561 1072 1746 1127 perculsis
1761 1076 1977 1126 panormio.
1993 1076 2100 1126 regia
2113 1073 2208 1112 sede

1252 1143 1320 1183 pro
1339 1134 1445 1169 curia
1462 1130 1620 1174 sedens,
1641 1128 1775 1167 Patres
1790 1132 1831 1167 in
1852 1131 1999 1168 curiam
2017 1141 2086 1182 per
2109 1143 2206 1183 prae-

1252 1200 1397 1225 conem
1426 1186 1476 1225 ad
1496 1200 1633 1240 regern
1661 1186 1924 1238 Tarquinium
1954 1188 2067 1223 citari
2092 1185 2208 1224 iussit.

1255 1242 1500 1282 Conuenere
1517 1242 1722 1296 extemplo
1738 1270 1749 1287 ,
1767 1242 1831 1280 alii
1850 1245 1930 1280 iain
1950 1254 2044 1280 ante
2060 1240 2111 1279 ad
2126 1241 2208 1280 hoc

1251 1303 1470 1353 praeparati,
1485 1299 1550 1338 alii
1566 1311 1697 1343 metu,
1714 1311 1780 1343 ne,
1798 1311 1880 1336 non
1895 1295 2061 1341 venisse,
2075 1295 2207 1336 fraudi

1252 1352 1347 1394 ess'et
1369 1371 1377 1392 z
1399 1359 1584 1394 nouitate
1598 1369 1644 1394 ac
1660 1355 1857 1393 miraculo
1872 1357 2061 1399 attoniti,
2081 1357 2206 1393 etiarn

1253 1411 1303 1450 de
1319 1412 1458 1450 Seruio
1478 1413 1609 1451 aetum
1623 1415 1711 1450 rati.
1747 1410 1806 1449 Ibi
1822 1410 2066 1464 Tarquinius
2082 1409 2208 1449 male-

1255 1466 1358 1506 dieta
1375 1468 1424 1506 ab
1440 1467 1554 1522 stirpe
1567 1468 1707 1507 vltima
1723 1466 1830 1507 orsus
1849 1482 1858 1507 5
1887 1474 2027 1505 Seruum
2037 1468 2210 1520 ‚struaque

1252 1534 1372 1561 natum
1386 1523 1455 1576 ptst
1469 1535 1611 1563 mortem
1627 1524 1803 1577 indignam
1815 1525 2048 1578 parenn‘ssut',
2065 1537 2133 1561 non
2153 1527 2210 1560 in-

1251 1589 1399 1633 terregno
1420 1606 1429 1623 ,
1457 1591 1502 1618 vt
1529 1590 1629 1618 antea
1655 1583 1739 1617 t'mto
1759 1607 1769 1624 ,
1802 1592 1870 1617 non
1894 1582 2036 1618 commit
2057 1578 2182 1617 hahetis
2197 1606 2209 1624 ,

1249 1649 1316 1672 non
1331 1648 1392 1688 per
1405 1635 1609 1689 ficffragium
1621 1635 1736 1689 populi
1755 1663 1763 1677 ‚
1794 1648 1862 1673 non
1881 1634 2070 1673 auctoribus
2089 1637 2209 1673 Patrt'-

1251 1692 1310 1728 bus
1330 1718 1339 1734 ‚
1359 1693 1515 1729 muliebri
1535 1690 1620 1743 dono
1642 1704 1781 1744 regnum
1795 1689 1963 1742 occupasst.
1996 1692 2046 1727 ita
2065 1701 2186 1728 natum
2198 1718 2211 1736 ,

1251 1750 1299 1785 ita
1322 1759 1468 1786 creatum
1490 1750 1621 1801 regem,
1634 1747 1808 1802 fautorem
1826 1745 1937 1796 infimi
1953 1752 2081 1799 generis
2099 1744 2210 1784 homi-

1251 1818 1352 1847 num,
1371 1818 1413 1842 ex
1425 1819 1488 1858 quo
1504 1805 1566 1858 ipse'
1573 1803 1642 1853 fit,
1655 1804 1729 1842 odio
1748 1804 1859 1841 aliena
1874 1801 2050 1850 honestatis
2067 1812 2215 1856 ereptum

1245 1859 1450 1914 primoribus
1475 1874 1594 1913 agrum
1610 1858 1838 1913 sordtdtffimo
1857 1861 1974 1912 cuique
1993 1858 2155 1911 diussffb:
2173 1873 2212 1898 o-

1251 1930 1344 1954 mma
1357 1930 1474 1960 onera,
1486 1930 1555 1970 quae
1569 1917 1759 1955 communia
1772 1913 2094 1969 quondamficerint,
2113 1917 2214 1954 incli-

1251 1971 1338 2025 naffl’
1355 1976 1393 2011 in
1407 1977 1568 2029 primores
1587 1974 1734 2010 ciuitatis
1758 1986 1769 2009 .·
1794 1970 1965 2022 instituiſje
1985 1970 2114 2023 cenficm
2128 1997 2138 2014 ‚
2167 1980 2214 2008 vn

1251 2030 1385 2083 infignt's
1397 2030 1443 2068 ad
1458 2029 1627 2067 inuidiam
1646 2028 1892 2079 locupletiorum
1908 2027 2047 2075 fortuna
2063 2025 2153 2079 fft,
2167 2026 2213 2071 &-

1245 2097 1367 2141 parata
1375 2087 1395 2130 l,
1410 2085 1474 2124 vbi
1488 2085 1588 2123 vellet
1601 2114 1611 2128 ,
1626 2083 1834 2137 egentiffimis
1852 2084 2041 2136 largiretur.
2102 2082 2214 2120 Huic
2226 2095 2389 2124 XLVIII.

1257 2146 1430 2182 orationi
1453 2143 1611 2180 Seruius
1626 2153 1750 2194 quum
1771 2138 2046 2178 interueniss'et
2060 2166 2071 2183 ,
2088 2141 2212 2192 trepi-

1259 2200 1312 2238 do
1328 2202 1479 2237 nuncio
1502 2200 1697 2236 excitatus
1715 2224 1724 2240 ,
1755 2195 1960 2249 externplo
1978 2194 2000 2232 a
2014 2193 2211 2233 vestibulo

1258 2259 1373 2294 curiae
1388 2268 1530 2308 magna
1545 2267 1646 2292 voce
1664 2268 1672 2289 z
1698 2252 1805 2305 ‘Quid
1818 2251 1886 2294 hoc,
1898 2254 2049 2304 inquit,
2066 2254 2213 2304 Tarqui-

1257 2314 1294 2349 πὶ
1316 2313 1363 2348 rei
1376 2315 1423 2349 eft
1441 2320 1450 2349 Ξ
1471 2325 1537 2365 qua
1551 2321 1589 2348 tu
1608 2308 1743 2347 audacia
1759 2322 1813 2347 me
1832 2310 1916 2347 vino
1930 2321 2051 2346 vocare
2070 2309 2164 2360 austu
2183 2320 2216 2346 es

1256 2375 1366 2406 Patres
1383 2375 1393 2404 ἒ
1409 2378 1468 2404 aut
1483 2370 1521 2404 in
1529 2365 1609 2416 fide
1621 2364 1778 2415 confidere
1792 2378 1865 2402 mea
1877 2367 1896 2402 ?
1917 2364 2062 2417 Qum
2076 2364 2144 2402 ille
2154 2361 2216 2402 fe-

1259 2426 1406 2462 rociter
1420 2421 1470 2462 ad
1485 2422 1566 2463 haec
1577 2450 1586 2467 ,
1603 2428 1642 2460 Se
1654 2422 1825 2475 patris-sisi
1838 2432 1949 2459 tenere
1959 2421 2072 2469 fidem
2082 2448 2093 2466 ,
2109 2421 2216 2477 mylto

1255 2495 1357 2534 quam
1364 2479 1506 2531 fimum
1520 2481 1684 2532 potiorem
1692 2478 1811 2527 filium
1823 2478 2018 2531 regisfcgni
2030 2475 2188 2514 haerbdcm
2204 2491 2214 2513 :

1251 2541 1331 2583 latis
1346 2536 1440 2574 illam
1454 2535 1514 2574 dm
1524 2547 1586 2589 per
1595 2534 1765 2573 licentiam
1780 2534 1965 2572 eludentem
1980 2531 2143 2586 infhltaffi’
2157 2531 2216 2569 do-

1255 2596 1374 2636 minin
1392 2592 1544 2630 clamor
1559 2590 1609 2630 ab
1623 2592 1825 2643 Vtriusque
1846 2587 1948 2628 faut(
1960 2588 2064 2628 tibus
2087 2592 2214 2627 oritur

1257 2654 1296 2688 δε
1314 2646 1527 2687 concursus
1543 2647 1680 2701 populi
1695 2646 1819 2686 fiebat
1833 2649 1874 2684 in
1889 2649 2038 2684 curiam
2055 2660 2063 2681 :
2091 2657 2212 2699 appa-

1254 2705 1448 2757 rebatque
1458 2706 1805 2758 regnaturum,qui
1821 2699 1981 2740 vicisset.
1993 2701 2100 2739 Tum
2111 2701 2216 2739 Tar-

1257 2764 1414 2814 quinius
1437 2759 1669 2800 necessitate
1688 2762 1767 2798 iam
1782 2762 1905 2798 etiam
1920 2757 1997 2812 ipsa
2014 2769 2209 2811 cogente,

1255 2819 1393 2856 Vltima
1408 2817 1570 2861 audere,
1581 2816 1712 2855 multo
1728 2820 1768 2855 &
1779 2827 1894 2853 aetate
1904 2819 1944 2853 δε
1960 2812 2106 2863 viribus
2116 2813 2213 2851 vali-

1255 2874 1361 2918 dior,
1375 2872 1555 2912 medium
1571 2875 1706 2925 arripit
1724 2872 1923 2910 Seruium:
1940 2870 2172 2923 elatumque
2188 2866 2212 2905 ὲ

1255 2934 1382 2974 curia,
1397 2933 1437 2967 in
1452 2927 1685 2967 inferiorem
1698 2940 1851 2982 partem
1868 2940 1937 2981 per
1951 2925 2092 2980 gradus
2110 2924 2212 2972 deij-

1255 2990 1320 3026 cit.
1345 2985 1439 3024 inde
1462 2985 1511 3024 ad
1537 2984 1767 3038 cogendum
1786 2984 1977 3022 Senatum
1996 2985 2038 3018 in
2058 2983 2212 3019 curiam

1255 3041 1370 3081 redit.
1395 3040 1441 3080 fit
1456 3038 1549 3095 suga
1565 3045 1666 3094 regis
1685 3043 1954 3094 apparitorum
1971 3064 1981 3082 ,
2000 3048 2121 3088 atque
2144 3050 2213 3074 co⁴
2393 3076 2413 3094 u

1256 3101 1412 3137 mitum.
1424 3098 1500 3151 ipse
1511 3111 1633 3151 prope
1650 3099 1838 3150 exanguis
1853 3106 1976 3148 quum
1991 3091 2212 3130 semianimi
2392 3124 2394 3151 ξ

1258 3159 1367 3208 regio
1383 3157 1578 3193 comitatu
1595 3152 1764 3192 domum
1779 3152 1814 3190 se
1830 3153 2026 3202 reciperet
2041 3175 2051 3192 ,
2066 3161 2210 3202 perue-
2392 3157 2394 3168 ²

1257 3210 1452 3265 iiiiletque
1474 3210 1526 3249 ad
1544 3210 1742 3248 summum
1768 3206 1964 3259 Cyprium
1979 3207 2110 3243 vicum
2128 3232 2139 3249 ,
2160 3204 2225 3242 ab·

1256 3271 1301 3305 iis
1318 3271 1386 3320 qui
1402 3266 1499 3306 miffi
1514 3265 1565 3305 ab
1581 3266 1805 3318 Tarquinio
1823 3260 2044 3315 fugientem
2069 3260 2210 3299 conse-

1257 3328 1338 3362 cuti
1353 3336 1486 3368 erant,
1508 3320 1757 3361 interficitur.
1797 3318 2008 3360 Creditur,
2024 3319 2115 3368 quia
2125 3329 2207 3354 non
2221 3328 2386 3362 Serujusin.

1255 3378 1445 3418 abhorret
1469 3378 1491 3418 a
1514 3391 1652 3418 cetero
1672 3377 1819 3416 scelere
1834 3403 1846 3421 ,
1870 3373 2083 3411 admonitu
2107 3373 2206 3410 Tul-
2218 3378 2367 3423 terficitur..

1253 3437 1313 3474 liae
1332 3435 1374 3474 id
1391 3433 1549 3474 factum.
1568 3446 1759 3488 carpento
1782 3443 1890 3470 certe
1905 3427 1972 3479 (id
1993 3427 2103 3480 quod
2119 3428 2207 3468 satis

1254 3491 1428 3539 constat)
1444 3495 1483 3529 in
1495 3489 1630 3530 forum
1645 3489 1822 3532 inuecta,
1842 3499 1918 3524 nec
1934 3487 2107 3522 reuerita
2124 3499 2206 3523 coe-

1255 3561 1339 3587 tum
1349 3548 1730 3592 virorum,euocauit
1738 3547 1864 3580 virum
1873 3540 1893 3578 ὲ
1905 3543 2205 3594 curia:regemq;

260 3610 376 3636 nonem
389 3603 520 3653 ccnspict
529 3600 605 3650 sinis
621 3609 632 3638 .>
639 3601 757 3656 fiicff
770 3602 848 3643 him
858 3606 1054 3658 Tarquinios
1063 3632 1073 3649 ,
1083 3614 1142 3642 aut
1150 3613 1208 3643 Co·
1249 3607 1373 3658 prima
1380 3603 1632 3659 appellauimi
1644 3614 1724 3655 quo
1734 3597 1797 3637 fac
1803 3594 1922 3636 effere
1932 3593 2024 3634 iussa
2034 3609 2081 3635 ex
2091 3609 2205 3634 tanto

2060 3653 2206 3698 tumui,
