<?xml version="1.0" encoding="UTF-8"?>
<!DOCTYPE html PUBLIC "-//W3C//DTD XHTML 1.0 Transitional//EN"
    "http://www.w3.org/TR/xhtml1/DTD/xhtml1-transitional.dtd">
<html xmlns="http://www.w3.org/1999/xhtml" xml:lang="en" lang="en">
 <head>
  <title>
</title>
<meta http-equiv="Content-Type" content="text/html;charset=utf-8" />
  <meta name='ocr-system' content='tesseract 3.04.00' />
  <meta name='ocr-capabilities' content='ocr_page ocr_carea ocr_par ocr_line ocrx_word'/>
</head>
<body>
  <div class='ocr_page' id='page_1' title='image "./titiliviipatavin00livy_0239.png"; bbox 0 0 2444 4067; ppageno 0'>
   <div class='ocr_carea' id='block_1_1' title="bbox 842 99 1160 152">
    <p class='ocr_par' dir='ltr' id='par_1_1' title="bbox 842 99 1160 152">
     <span class='ocr_line' id='line_1_1' title="bbox 842 99 1160 152; baseline 0.003 -1"><span class='ocrx_word' id='word_1_1' title='bbox 842 99 1160 152; x_wconf 86' lang='lat' dir='ltr'><strong>LIBER</strong></span> 
     </span>
    </p>
   </div>
   <div class='ocr_carea' id='block_1_2' title="bbox 153 184 2079 287">
    <p class='ocr_par' dir='ltr' id='par_1_2' title="bbox 153 184 2079 287">
     <span class='ocr_line' id='line_1_2' title="bbox 153 184 2079 287; baseline -0.002 -55"><span class='ocrx_word' id='word_1_2' title='bbox 153 193 297 247; x_wconf 84' lang='lat' dir='ltr'>Capuae</span> <span class='ocrx_word' id='word_1_3' title='bbox 306 191 488 231; x_wconf 86' lang='lat' dir='ltr'>stabilitas</span> <span class='ocrx_word' id='word_1_4' title='bbox 499 189 682 228; x_wconf 86' lang='lat' dir='ltr'>Romana</span> <span class='ocrx_word' id='word_1_5' title='bbox 697 184 896 240; x_wconf 73' lang='lat' dir='ltr'>disciplina</span> <span class='ocrx_word' id='word_1_6' title='bbox 905 185 1010 226; x_wconf 87' lang='lat' dir='ltr'>fama</span> <span class='ocrx_word' id='word_1_7' title='bbox 1025 198 1094 239; x_wconf 85' lang='lat' dir='ltr'>pei·</span> <span class='ocrx_word' id='word_1_8' title='bbox 1111 197 1118 287; x_wconf 85' lang='grc' dir='ltr'>Ι</span> <span class='ocrx_word' id='word_1_9' title='bbox 1138 197 1248 225; x_wconf 84' lang='lat' dir='ltr'>mere</span> <span class='ocrx_word' id='word_1_10' title='bbox 1262 187 1463 247; x_wconf 47' lang='lat' dir='ltr'>inuefftum</span> <span class='ocrx_word' id='word_1_11' title='bbox 1474 200 1541 241; x_wconf 89' lang='lat' dir='ltr'>per</span> <span class='ocrx_word' id='word_1_12' title='bbox 1549 187 1718 240; x_wconf 83' lang='lat' dir='ltr'>hostium</span> <span class='ocrx_word' id='word_1_13' title='bbox 1731 203 1878 233; x_wconf 65' lang='lat' dir='ltr'>turmas</span> <span class='ocrx_word' id='word_1_14' title='bbox 1893 193 1971 233; x_wconf 77' lang='lat' dir='ltr'>tela</span> <span class='ocrx_word' id='word_1_15' title='bbox 1980 209 2079 234; x_wconf 74' lang='lat' dir='ltr'>con-</span> 
     </span>
    </p>
   </div>
   <div class='ocr_carea' id='block_1_3' title="bbox 0 239 1110 3025">
    <p class='ocr_par' dir='ltr' id='par_1_3' title="bbox 152 239 1097 467">
     <span class='ocr_line' id='line_1_3' title="bbox 153 239 1096 300; baseline -0.007 -14"><span class='ocrx_word' id='word_1_16' title='bbox 153 250 276 287; x_wconf 82' lang='lat' dir='ltr'>socios</span> <span class='ocrx_word' id='word_1_17' title='bbox 286 249 478 300; x_wconf 52' lang='lat' dir='ltr'>vulgatius,</span> <span class='ocrx_word' id='word_1_18' title='bbox 492 242 717 284; x_wconf 78' lang='lat' dir='ltr'>Antiatibus</span> <span class='ocrx_word' id='word_1_19' title='bbox 725 255 887 294; x_wconf 90' lang='lat' dir='ltr'>quoque</span> <span class='ocrx_word' id='word_1_20' title='bbox 896 269 907 287; x_wconf 91' lang='lat'>,</span> <span class='ocrx_word' id='word_1_21' title='bbox 918 239 1096 294; x_wconf 79' lang='lat' dir='ltr'>quiſsfine</span> 
     </span>
     <span class='ocr_line' id='line_1_4' title="bbox 154 295 1097 358; baseline -0.011 -15"><span class='ocrx_word' id='word_1_22' title='bbox 154 303 280 358; x_wconf 77' lang='lat' dir='ltr'>legibus</span> <span class='ocrx_word' id='word_1_23' title='bbox 287 303 387 341; x_wconf 64' lang='lat' dir='ltr'>certbs</span> <span class='ocrx_word' id='word_1_24' title='bbox 395 301 480 353; x_wconf 80' lang='lat' dir='ltr'>‚stne</span> <span class='ocrx_word' id='word_1_25' title='bbox 485 296 736 353; x_wconf 62' lang='lat' dir='ltr'>magstratibus</span> <span class='ocrx_word' id='word_1_26' title='bbox 742 311 840 352; x_wconf 85' lang='lat' dir='ltr'>agere</span> <span class='ocrx_word' id='word_1_27' title='bbox 853 295 1097 351; x_wconf 83' lang='lat' dir='ltr'>querebantur,</span> 
     </span>
     <span class='ocr_line' id='line_1_5' title="bbox 153 352 1096 405; baseline -0.011 -7"><span class='ocrx_word' id='word_1_28' title='bbox 153 358 434 397; x_wconf 86' lang='lat' dir='ltr'>datiabsenatu</span> <span class='ocrx_word' id='word_1_29' title='bbox 444 352 920 405; x_wconf 83' lang='lat' dir='ltr'>adiurastatuendaiplius</span> <span class='ocrx_word' id='word_1_30' title='bbox 929 352 1096 390; x_wconf 78' lang='lat' dir='ltr'>coloniae</span> 
     </span>
     <span class='ocr_line' id='line_1_6' title="bbox 152 407 1096 467; baseline -0.008 -14"><span class='ocrx_word' id='word_1_31' title='bbox 152 416 328 467; x_wconf 84' lang='lat' dir='ltr'>patroni:</span> <span class='ocrx_word' id='word_1_32' title='bbox 344 424 418 449; x_wconf 89' lang='lat' dir='ltr'>nec</span> <span class='ocrx_word' id='word_1_33' title='bbox 434 407 692 451; x_wconf 84' lang='lat' dir='ltr'>armamodo,</span> <span class='ocrx_word' id='word_1_34' title='bbox 707 407 996 446; x_wconf 85' lang='lat' dir='ltr'>sediuraetiain</span> <span class='ocrx_word' id='word_1_35' title='bbox 1014 408 1096 446; x_wconf 90' lang='lat' dir='ltr'>Ro-</span> 
     </span>
    </p>

    <p class='ocr_par' dir='ltr' id='par_1_4' title="bbox 0 462 1103 1795">
     <span class='ocr_line' id='line_1_7' title="bbox 27 462 1095 518; baseline -0.008 -10"><span class='ocrx_word' id='word_1_36' title='bbox 27 465 102 515; x_wconf 58' lang='lat' dir='ltr'>Jlxi-</span> <span class='ocrx_word' id='word_1_37' title='bbox 152 464 579 518; x_wconf 82' lang='lat' dir='ltr'>manalatepollebant.</span> <span class='ocrx_word' id='word_1_38' title='bbox 638 462 1095 506; x_wconf 79' lang='lat' dir='ltr'>C.Iuni&#39;usBubulcuS‚&amp;</span> 
     </span>
     <span class='ocr_line' id='line_1_8' title="bbox 18 517 1096 579; baseline -0.007 -17"><span class='ocrx_word' id='word_1_39' title='bbox 18 536 40 576; x_wconf 49' lang='grc' dir='ltr'>χ.</span> <span class='ocrx_word' id='word_1_40' title='bbox 51 529 85 563; x_wconf 85' lang='lat' dir='ltr'>V.</span> <span class='ocrx_word' id='word_1_41' title='bbox 97 528 136 561; x_wconf 74' lang='lat' dir='ltr'>G.</span> <span class='ocrx_word' id='word_1_42' title='bbox 155 521 400 579; x_wconf 71' lang='lat' dir='ltr'>QAEmilius</span> <span class='ocrx_word' id='word_1_43' title='bbox 408 520 571 559; x_wconf 83' lang='lat' dir='ltr'>Barbala</span> <span class='ocrx_word' id='word_1_44' title='bbox 589 517 781 557; x_wconf 85' lang='lat' dir='ltr'><strong>Consules</strong></span> <span class='ocrx_word' id='word_1_45' title='bbox 791 522 899 556; x_wconf 86' lang='lat' dir='ltr'>exitu</span> <span class='ocrx_word' id='word_1_46' title='bbox 913 521 1096 555; x_wconf 89' lang='lat' dir='ltr'>anninon</span> 
     </span>
     <span class='ocr_line' id='line_1_9' title="bbox 26 572 1094 629; baseline -0.007 -12"><span class='ocrx_word' id='word_1_47' title='bbox 26 582 60 629; x_wconf 66' lang='lat' dir='ltr'>lc</span> <span class='ocrx_word' id='word_1_48' title='bbox 69 592 138 616; x_wconf 84' lang='lat' dir='ltr'>cx-</span> <span class='ocrx_word' id='word_1_49' title='bbox 155 575 394 618; x_wconf 85' lang='lat' dir='ltr'><strong>Consulibus</strong></span> <span class='ocrx_word' id='word_1_50' title='bbox 404 575 453 614; x_wconf 88' lang='lat' dir='ltr'>ab</span> <span class='ocrx_word' id='word_1_51' title='bbox 464 575 500 614; x_wconf 88' lang='lat' dir='ltr'>se</span> <span class='ocrx_word' id='word_1_52' title='bbox 510 573 943 627; x_wconf 80' lang='lat' dir='ltr'>creatiS‚Sp.Nautio.&amp;</span> <span class='ocrx_word' id='word_1_53' title='bbox 955 572 1094 610; x_wconf 83' lang='grc' dir='ltr'>Μ.Ρο-</span> 
     </span>
     <span class='ocr_line' id='line_1_10' title="bbox 37 627 1094 687; baseline -0.009 -14"><span class='ocrx_word' id='word_1_54' title='bbox 37 637 139 681; x_wconf 83' lang='lat' dir='ltr'>vii.)</span> <span class='ocrx_word' id='word_1_55' title='bbox 152 633 275 687; x_wconf 75' lang='lat' dir='ltr'>pil-lio,</span> <span class='ocrx_word' id='word_1_56' title='bbox 293 644 472 671; x_wconf 90' lang='lat' dir='ltr'>ceterum</span> <span class='ocrx_word' id='word_1_57' title='bbox 483 631 665 670; x_wconf 63' lang='lat' dir='ltr'>dictatori</span> <span class='ocrx_word' id='word_1_58' title='bbox 681 630 723 667; x_wconf 91' lang='lat' dir='ltr'>L.</span> <span class='ocrx_word' id='word_1_59' title='bbox 736 627 902 668; x_wconf 84' lang='lat' dir='ltr'>AEmilio</span> <span class='ocrx_word' id='word_1_60' title='bbox 918 629 1094 680; x_wconf 82' lang='lat' dir='ltr'>legiones</span> 
     </span>
     <span class='ocr_line' id='line_1_11' title="bbox 0 682 1096 737; baseline -0.009 -7"><span class='ocrx_word' id='word_1_61' title='bbox 0 725 2 733; x_wconf 23' lang='lat' dir='ltr'>i</span> <span class='ocrx_word' id='word_1_62' title='bbox 51 697 131 730; x_wconf 67' lang='grc' dir='ltr'>ΚΟ.</span> <span class='ocrx_word' id='word_1_63' title='bbox 151 687 410 728; x_wconf 85' lang='lat' dir='ltr'>tradiderunt.</span> <span class='ocrx_word' id='word_1_64' title='bbox 440 686 474 725; x_wconf 88' lang='lat' dir='ltr'>Is</span> <span class='ocrx_word' id='word_1_65' title='bbox 485 699 573 725; x_wconf 88' lang='lat' dir='ltr'>cum</span> <span class='ocrx_word' id='word_1_66' title='bbox 584 684 773 723; x_wconf 90' lang='lat' dir='ltr'>L.Fuluio</span> <span class='ocrx_word' id='word_1_67' title='bbox 782 682 967 737; x_wconf 89' lang='lat' dir='ltr'>magistro</span> <span class='ocrx_word' id='word_1_68' title='bbox 985 686 1096 735; x_wconf 85' lang='lat' dir='ltr'>equi-</span> 
     </span>
     <span class='ocr_line' id='line_1_12' title="bbox 37 737 1093 795; baseline -0.009 -11"><span class='ocrx_word' id='word_1_69' title='bbox 37 758 58 784; x_wconf 92' lang='lat' dir='ltr'>c</span> <span class='ocrx_word' id='word_1_70' title='bbox 67 758 133 783; x_wconf 80' lang='lat' dir='ltr'>cx·</span> <span class='ocrx_word' id='word_1_71' title='bbox 150 756 234 783; x_wconf 90' lang='lat' dir='ltr'>tum</span> <span class='ocrx_word' id='word_1_72' title='bbox 246 743 460 782; x_wconf 81' lang='lat' dir='ltr'>Saticulam</span> <span class='ocrx_word' id='word_1_73' title='bbox 470 738 700 795; x_wconf 83' lang='lat' dir='ltr'>oppugnare</span> <span class='ocrx_word' id='word_1_74' title='bbox 710 739 886 782; x_wconf 77' lang='lat' dir='ltr'>adortus,</span> <span class='ocrx_word' id='word_1_75' title='bbox 898 737 1093 777; x_wconf 81' lang='lat' dir='ltr'>rebellan-</span> 
     </span>
     <span class='ocr_line' id='line_1_13' title="bbox 38 792 1095 848; baseline -0.009 -9"><span class='ocrx_word' id='word_1_76' title='bbox 38 802 130 848; x_wconf 74' lang='grc' dir='ltr'>Ἧι.)</span> <span class='ocrx_word' id='word_1_77' title='bbox 148 799 186 838; x_wconf 91' lang='lat' dir='ltr'>di</span> <span class='ocrx_word' id='word_1_78' title='bbox 195 797 364 838; x_wconf 76' lang='lat' dir='ltr'>cauisam</span> <span class='ocrx_word' id='word_1_79' title='bbox 376 797 614 837; x_wconf 85' lang='lat' dir='ltr'>Samnitibus</span> <span class='ocrx_word' id='word_1_80' title='bbox 624 792 1011 848; x_wconf 86' lang='lat' dir='ltr'>dedit.Duplexinde</span> <span class='ocrx_word' id='word_1_81' title='bbox 1022 805 1095 831; x_wconf 84' lang='lat' dir='ltr'>ter-</span> 
     </span>
     <span class='ocr_line' id='line_1_14' title="bbox 34 852 1099 903; baseline -0.004 -13"><span class='ocrx_word' id='word_1_82' title='bbox 34 858 107 891; x_wconf 82' lang='lat' dir='ltr'>-m&#39;tes</span> <span class='ocrx_word' id='word_1_83' title='bbox 148 868 214 894; x_wconf 87' lang='lat' dir='ltr'>ror</span> <span class='ocrx_word' id='word_1_84' title='bbox 223 856 353 894; x_wconf 89' lang='lat' dir='ltr'>illatus</span> <span class='ocrx_word' id='word_1_85' title='bbox 365 852 667 893; x_wconf 83' lang='lat' dir='ltr'>Romanis.hinc</span> <span class='ocrx_word' id='word_1_86' title='bbox 676 852 826 890; x_wconf 82' lang='lat' dir='ltr'>Samnis</span> <span class='ocrx_word' id='word_1_87' title='bbox 836 863 980 903; x_wconf 83' lang='lat' dir='ltr'>magno</span> <span class='ocrx_word' id='word_1_88' title='bbox 990 861 1099 887; x_wconf 87' lang='lat' dir='ltr'>exet-</span> 
     </span>
     <span class='ocr_line' id='line_1_15' title="bbox 39 904 1098 957; baseline -0.011 -5"><span class='ocrx_word' id='word_1_89' title='bbox 39 907 79 940; x_wconf 57' lang='lat'>11·</span> <span class='ocrx_word' id='word_1_90' title='bbox 150 915 233 952; x_wconf 89' lang='lat' dir='ltr'>citu</span> <span class='ocrx_word' id='word_1_91' title='bbox 249 910 458 957; x_wconf 68' lang='lat' dir='ltr'>coac&#39;toad</span> <span class='ocrx_word' id='word_1_92' title='bbox 474 907 705 947; x_wconf 86' lang='lat' dir='ltr'>eximendos</span> <span class='ocrx_word' id='word_1_93' title='bbox 726 905 931 945; x_wconf 87' lang='lat' dir='ltr'>obsidione</span> <span class='ocrx_word' id='word_1_94' title='bbox 954 904 1098 948; x_wconf 90' lang='lat' dir='ltr'>socios,</span> 
     </span>
     <span class='ocr_line' id='line_1_16' title="bbox 40 960 1096 1021; baseline -0.01 -13"><span class='ocrx_word' id='word_1_95' title='bbox 40 979 47 988; x_wconf 89' lang='lat'>&#39;</span> <span class='ocrx_word' id='word_1_96' title='bbox 149 966 258 1006; x_wconf 90' lang='lat' dir='ltr'>haud</span> <span class='ocrx_word' id='word_1_97' title='bbox 267 965 405 1021; x_wconf 89' lang='lat' dir='ltr'>procul</span> <span class='ocrx_word' id='word_1_98' title='bbox 416 964 545 1003; x_wconf 85' lang='lat' dir='ltr'>castris</span> <span class='ocrx_word' id='word_1_99' title='bbox 561 964 836 1002; x_wconf 82' lang='lat' dir='ltr'>Romanorum</span> <span class='ocrx_word' id='word_1_100' title='bbox 853 961 972 1001; x_wconf 81' lang='lat' dir='ltr'>castra</span> <span class='ocrx_word' id='word_1_101' title='bbox 983 960 1096 1014; x_wconf 91' lang='lat' dir='ltr'>posu-</span> 
     </span>
     <span class='ocr_line' id='line_1_17' title="bbox 148 1012 1095 1071; baseline -0.008 -11"><span class='ocrx_word' id='word_1_102' title='bbox 148 1026 188 1062; x_wconf 88' lang='lat' dir='ltr'>it.</span> <span class='ocrx_word' id='word_1_103' title='bbox 202 1022 295 1061; x_wconf 90' lang='lat' dir='ltr'>hinc</span> <span class='ocrx_word' id='word_1_104' title='bbox 304 1021 494 1060; x_wconf 81' lang='lat' dir='ltr'>Satricani</span> <span class='ocrx_word' id='word_1_105' title='bbox 507 1032 652 1071; x_wconf 86' lang='lat' dir='ltr'>magno</span> <span class='ocrx_word' id='word_1_106' title='bbox 663 1032 754 1057; x_wconf 91' lang='lat' dir='ltr'>cum</span> <span class='ocrx_word' id='word_1_107' title='bbox 764 1017 937 1055; x_wconf 82' lang='lat' dir='ltr'>tumultu</span> <span class='ocrx_word' id='word_1_108' title='bbox 946 1012 1095 1069; x_wconf 75' lang='lat' dir='ltr'>patefa-</span> 
     </span>
     <span class='ocr_line' id='line_1_18' title="bbox 149 1073 1094 1131; baseline -0.011 -14"><span class='ocrx_word' id='word_1_109' title='bbox 149 1079 390 1131; x_wconf 67' lang='lat' dir='ltr'>&amp;isrepente</span> <span class='ocrx_word' id='word_1_110' title='bbox 399 1079 521 1130; x_wconf 86' lang='lat' dir='ltr'>portis</span> <span class='ocrx_word' id='word_1_111' title='bbox 535 1077 576 1113; x_wconf 91' lang='lat' dir='ltr'>in</span> <span class='ocrx_word' id='word_1_112' title='bbox 585 1073 770 1113; x_wconf 86' lang='lat' dir='ltr'>stationes</span> <span class='ocrx_word' id='word_1_113' title='bbox 785 1073 952 1111; x_wconf 87' lang='lat' dir='ltr'>hostium</span> <span class='ocrx_word' id='word_1_114' title='bbox 964 1075 1094 1110; x_wconf 88' lang='lat' dir='ltr'>incur-</span> 
     </span>
     <span class='ocr_line' id='line_1_19' title="bbox 149 1130 1097 1186; baseline -0.009 -14"><span class='ocrx_word' id='word_1_115' title='bbox 149 1146 297 1172; x_wconf 89' lang='lat' dir='ltr'>rerunt.</span> <span class='ocrx_word' id='word_1_116' title='bbox 315 1132 412 1171; x_wconf 89' lang='lat' dir='ltr'>Inde</span> <span class='ocrx_word' id='word_1_117' title='bbox 422 1145 508 1186; x_wconf 87' lang='lat' dir='ltr'>pars</span> <span class='ocrx_word' id='word_1_118' title='bbox 516 1131 755 1184; x_wconf 79' lang='lat' dir='ltr'>Vtraquelpe</span> <span class='ocrx_word' id='word_1_119' title='bbox 770 1130 887 1168; x_wconf 90' lang='lat' dir='ltr'>alieni</span> <span class='ocrx_word' id='word_1_120' title='bbox 898 1140 1019 1180; x_wconf 85' lang='lat' dir='ltr'>magis</span> <span class='ocrx_word' id='word_1_121' title='bbox 1029 1139 1097 1164; x_wconf 91' lang='lat' dir='ltr'>au-</span> 
     </span>
     <span class='ocr_line' id='line_1_20' title="bbox 149 1181 1097 1242; baseline -0.009 -15"><span class='ocrx_word' id='word_1_122' title='bbox 149 1189 250 1234; x_wconf 79' lang='lat' dir='ltr'>xiiii,</span> <span class='ocrx_word' id='word_1_123' title='bbox 261 1202 378 1242; x_wconf 86' lang='lat' dir='ltr'>quam</span> <span class='ocrx_word' id='word_1_124' title='bbox 389 1187 532 1226; x_wconf 89' lang='lat' dir='ltr'>viribus</span> <span class='ocrx_word' id='word_1_125' title='bbox 543 1184 642 1224; x_wconf 85' lang='lat' dir='ltr'>freta</span> <span class='ocrx_word' id='word_1_126' title='bbox 650 1187 721 1224; x_wconf 90' lang='lat' dir='ltr'>suis</span> <span class='ocrx_word' id='word_1_127' title='bbox 733 1213 742 1230; x_wconf 86' lang='lat'>‚</span> <span class='ocrx_word' id='word_1_128' title='bbox 753 1185 852 1224; x_wconf 88' lang='lat' dir='ltr'>iusto</span> <span class='ocrx_word' id='word_1_129' title='bbox 862 1196 955 1221; x_wconf 86' lang='lat' dir='ltr'>mox</span> <span class='ocrx_word' id='word_1_130' title='bbox 964 1181 1097 1235; x_wconf 86' lang='lat' dir='ltr'>praelio</span> 
     </span>
     <span class='ocr_line' id='line_1_21' title="bbox 148 1245 1100 1296; baseline -0.009 -13"><span class='ocrx_word' id='word_1_131' title='bbox 148 1248 250 1285; x_wconf 82' lang='lat' dir='ltr'>inito</span> <span class='ocrx_word' id='word_1_132' title='bbox 262 1245 466 1284; x_wconf 86' lang='lat' dir='ltr'>Romanos</span> <span class='ocrx_word' id='word_1_133' title='bbox 475 1254 626 1296; x_wconf 86' lang='lat' dir='ltr'>vrgent.</span> <span class='ocrx_word' id='word_1_134' title='bbox 647 1246 686 1280; x_wconf 85' lang='lat'>&amp;</span> <span class='ocrx_word' id='word_1_135' title='bbox 698 1252 939 1294; x_wconf 87' lang='lat' dir='ltr'>quamquam</span> <span class='ocrx_word' id='word_1_136' title='bbox 955 1249 1100 1289; x_wconf 81' lang='lat' dir='ltr'>anceps</span> 
     </span>
     <span class='ocr_line' id='line_1_22' title="bbox 150 1296 1101 1348; baseline -0.011 -9"><span class='ocrx_word' id='word_1_137' title='bbox 150 1300 356 1340; x_wconf 77' lang='lat' dir='ltr'>dimicatio</span> <span class='ocrx_word' id='word_1_138' title='bbox 366 1311 467 1338; x_wconf 87' lang='lat' dir='ltr'>erat;</span> <span class='ocrx_word' id='word_1_139' title='bbox 485 1310 619 1336; x_wconf 89' lang='lat' dir='ltr'>tamen</span> <span class='ocrx_word' id='word_1_140' title='bbox 627 1300 824 1348; x_wconf 81' lang='lat' dir='ltr'>vti-imque</span> <span class='ocrx_word' id='word_1_141' title='bbox 835 1307 961 1333; x_wconf 73' lang='lat' dir='ltr'>tutam</span> <span class='ocrx_word' id='word_1_142' title='bbox 974 1296 1101 1330; x_wconf 87' lang='lat' dir='ltr'>aciem</span> 
     </span>
     <span class='ocr_line' id='line_1_23' title="bbox 151 1347 1100 1407; baseline -0.013 -11"><span class='ocrx_word' id='word_1_143' title='bbox 151 1356 321 1396; x_wconf 67' lang='lat' dir='ltr'>dietator</span> <span class='ocrx_word' id='word_1_144' title='bbox 336 1354 495 1393; x_wconf 80' lang='lat' dir='ltr'>habuit:</span> <span class='ocrx_word' id='word_1_145' title='bbox 512 1355 604 1407; x_wconf 88' lang='lat' dir='ltr'>quia</span> <span class='ocrx_word' id='word_1_146' title='bbox 620 1352 806 1391; x_wconf 86' lang='lat' dir='ltr'>&amp;locum</span> <span class='ocrx_word' id='word_1_147' title='bbox 820 1349 924 1388; x_wconf 87' lang='lat' dir='ltr'>haud</span> <span class='ocrx_word' id='word_1_148' title='bbox 939 1347 1100 1387; x_wconf 70' lang='lat' dir='ltr'>fatilem</span> 
     </span>
     <span class='ocr_line' id='line_1_24' title="bbox 151 1403 1102 1461; baseline -0.012 -10"><span class='ocrx_word' id='word_1_149' title='bbox 151 1411 202 1451; x_wconf 88' lang='lat' dir='ltr'>ad</span> <span class='ocrx_word' id='word_1_150' title='bbox 211 1410 608 1451; x_wconf 86' lang='lat' dir='ltr'>circumueniendum</span> <span class='ocrx_word' id='word_1_151' title='bbox 619 1413 743 1461; x_wconf 86' lang='lat' dir='ltr'>cepit,</span> <span class='ocrx_word' id='word_1_152' title='bbox 754 1412 794 1446; x_wconf 85' lang='lat'>&amp;</span> <span class='ocrx_word' id='word_1_153' title='bbox 806 1405 958 1445; x_wconf 83' lang='lat' dir='ltr'>diuersa</span> <span class='ocrx_word' id='word_1_154' title='bbox 967 1403 1102 1442; x_wconf 83' lang='lat' dir='ltr'>statuit</span> 
     </span>
     <span class='ocr_line' id='line_1_25' title="bbox 150 1458 1101 1522; baseline -0.012 -16"><span class='ocrx_word' id='word_1_155' title='bbox 150 1466 268 1522; x_wconf 78' lang='lat' dir='ltr'>ligna.</span> <span class='ocrx_word' id='word_1_156' title='bbox 280 1465 601 1505; x_wconf 74' lang='lat' dir='ltr'>infestior-tamen</span> <span class='ocrx_word' id='word_1_157' title='bbox 610 1467 651 1502; x_wconf 90' lang='lat' dir='ltr'>in</span> <span class='ocrx_word' id='word_1_158' title='bbox 663 1474 916 1516; x_wconf 81' lang='lat' dir='ltr'>erumpentes</span> <span class='ocrx_word' id='word_1_159' title='bbox 928 1458 1101 1499; x_wconf 78' lang='lat' dir='ltr'>incessit:</span> 
     </span>
     <span class='ocr_line' id='line_1_26' title="bbox 150 1517 1102 1576; baseline -0.014 -13"><span class='ocrx_word' id='word_1_160' title='bbox 150 1537 226 1562; x_wconf 88' lang='lat' dir='ltr'>nec</span> <span class='ocrx_word' id='word_1_161' title='bbox 236 1536 381 1576; x_wconf 86' lang='lat' dir='ltr'>magno</span> <span class='ocrx_word' id='word_1_162' title='bbox 392 1523 610 1560; x_wconf 83' lang='lat' dir='ltr'>certamine</span> <span class='ocrx_word' id='word_1_163' title='bbox 624 1523 726 1557; x_wconf 84' lang='lat' dir='ltr'>intra</span> <span class='ocrx_word' id='word_1_164' title='bbox 741 1521 886 1556; x_wconf 86' lang='lat' dir='ltr'>moenia</span> <span class='ocrx_word' id='word_1_165' title='bbox 896 1517 1102 1568; x_wconf 77' lang='lat' dir='ltr'>compulit.</span> 
     </span>
     <span class='ocr_line' id='line_1_27' title="bbox 153 1570 1103 1623; baseline -0.013 -4"><span class='ocrx_word' id='word_1_166' title='bbox 153 1579 334 1618; x_wconf 73' lang='lat' dir='ltr'>tumtota</span> <span class='ocrx_word' id='word_1_167' title='bbox 345 1581 472 1616; x_wconf 88' lang='lat' dir='ltr'>aciem</span> <span class='ocrx_word' id='word_1_168' title='bbox 487 1580 529 1614; x_wconf 91' lang='lat' dir='ltr'>in</span> <span class='ocrx_word' id='word_1_169' title='bbox 546 1576 739 1614; x_wconf 90' lang='lat' dir='ltr'>Samnites</span> <span class='ocrx_word' id='word_1_170' title='bbox 748 1572 936 1612; x_wconf 87' lang='lat' dir='ltr'>obuertit.</span> <span class='ocrx_word' id='word_1_171' title='bbox 953 1570 1006 1609; x_wconf 88' lang='lat' dir='ltr'>ibi</span> <span class='ocrx_word' id='word_1_172' title='bbox 1018 1571 1103 1623; x_wconf 88' lang='lat' dir='ltr'>plus</span> 
     </span>
     <span class='ocr_line' id='line_1_28' title="bbox 150 1625 1102 1674; baseline -0.013 0"><span class='ocrx_word' id='word_1_173' title='bbox 150 1637 376 1674; x_wconf 85' lang='lat' dir='ltr'>certaminis</span> <span class='ocrx_word' id='word_1_174' title='bbox 387 1631 473 1671; x_wconf 91' lang='lat' dir='ltr'>fuit.</span> <span class='ocrx_word' id='word_1_175' title='bbox 494 1631 667 1669; x_wconf 61' lang='lat' dir='ltr'>Vid&#39;toria</span> <span class='ocrx_word' id='word_1_176' title='bbox 678 1629 774 1667; x_wconf 81' lang='lat' dir='ltr'>licut</span> <span class='ocrx_word' id='word_1_177' title='bbox 785 1628 935 1671; x_wconf 72' lang='lat' dir='ltr'>lera‚ita</span> <span class='ocrx_word' id='word_1_178' title='bbox 944 1640 1020 1664; x_wconf 90' lang='lat' dir='ltr'>nec</span> <span class='ocrx_word' id='word_1_179' title='bbox 1031 1625 1102 1664; x_wconf 82' lang='lat' dir='ltr'>du-</span> 
     </span>
     <span class='ocr_line' id='line_1_29' title="bbox 150 1682 1100 1734; baseline -0.012 -6"><span class='ocrx_word' id='word_1_180' title='bbox 150 1689 306 1734; x_wconf 88' lang='lat' dir='ltr'>bia‚nec</span> <span class='ocrx_word' id='word_1_181' title='bbox 315 1691 420 1726; x_wconf 88' lang='lat' dir='ltr'>varia</span> <span class='ocrx_word' id='word_1_182' title='bbox 429 1684 513 1725; x_wconf 88' lang='lat' dir='ltr'>fuit.</span> <span class='ocrx_word' id='word_1_183' title='bbox 545 1684 628 1723; x_wconf 82' lang='lat' dir='ltr'>Fufi</span> <span class='ocrx_word' id='word_1_184' title='bbox 638 1689 676 1722; x_wconf 91' lang='lat' dir='ltr'>in</span> <span class='ocrx_word' id='word_1_185' title='bbox 687 1683 808 1723; x_wconf 88' lang='lat' dir='ltr'>castra</span> <span class='ocrx_word' id='word_1_186' title='bbox 818 1682 1028 1725; x_wconf 85' lang='lat' dir='ltr'>Samnites,</span> <span class='ocrx_word' id='word_1_187' title='bbox 1037 1694 1100 1719; x_wconf 84' lang='lat' dir='ltr'>ex-</span> 
     </span>
     <span class='ocr_line' id='line_1_30' title="bbox 151 1738 1102 1795; baseline -0.011 -11"><span class='ocrx_word' id='word_1_188' title='bbox 151 1741 716 1795; x_wconf 67' lang='lat' dir='ltr'>tin&amp;isnosteignibus‚tacito</span> <span class='ocrx_word' id='word_1_189' title='bbox 727 1743 882 1793; x_wconf 86' lang='lat' dir='ltr'>agmine</span> <span class='ocrx_word' id='word_1_190' title='bbox 893 1738 1102 1776; x_wconf 68' lang='lat' dir='ltr'>abeunu&amp;</span> 
     </span>
    </p>

    <p class='ocr_par' dir='ltr' id='par_1_5' title="bbox 38 1790 1110 3025">
     <span class='ocr_line' id='line_1_31' title="bbox 113 1790 1104 1856; baseline -0.011 -15"><span class='ocrx_word' id='word_1_191' title='bbox 113 1838 119 1841; x_wconf 74' lang='grc'>,</span> <span class='ocrx_word' id='word_1_192' title='bbox 154 1801 219 1856; x_wconf 90' lang='lat' dir='ltr'>spe</span> <span class='ocrx_word' id='word_1_193' title='bbox 229 1800 382 1840; x_wconf 65' lang='lat' dir='ltr'>abiec‘h</span> <span class='ocrx_word' id='word_1_194' title='bbox 399 1797 579 1837; x_wconf 81' lang='lat' dir='ltr'>Saticulae</span> <span class='ocrx_word' id='word_1_195' title='bbox 589 1795 768 1838; x_wconf 85' lang='lat' dir='ltr'>tuendae‚</span> <span class='ocrx_word' id='word_1_196' title='bbox 788 1790 1104 1845; x_wconf 81' lang='lat' dir='ltr'>Plistiamipiiso-</span> 
     </span>
     <span class='ocr_line' id='line_1_32' title="bbox 154 1846 1102 1904; baseline -0.015 -7"><span class='ocrx_word' id='word_1_197' title='bbox 154 1862 235 1896; x_wconf 88' lang='lat' dir='ltr'>cios</span> <span class='ocrx_word' id='word_1_198' title='bbox 262 1857 537 1900; x_wconf 84' lang='lat' dir='ltr'>Romanorum</span> <span class='ocrx_word' id='word_1_199' title='bbox 553 1878 564 1896; x_wconf 84' lang='lat'>‚</span> <span class='ocrx_word' id='word_1_200' title='bbox 591 1862 638 1889; x_wconf 90' lang='lat' dir='ltr'>vt</span> <span class='ocrx_word' id='word_1_201' title='bbox 651 1863 787 1904; x_wconf 87' lang='lat' dir='ltr'>parem</span> <span class='ocrx_word' id='word_1_202' title='bbox 803 1849 985 1887; x_wconf 88' lang='lat' dir='ltr'>dolorem</span> <span class='ocrx_word' id='word_1_203' title='bbox 1004 1846 1102 1885; x_wconf 90' lang='lat' dir='ltr'>hosti</span> 
     </span>
     <span class='ocr_line' id='line_1_33' title="bbox 154 1904 1105 1955; baseline -0.013 -4"><span class='ocrx_word' id='word_1_204' title='bbox 154 1912 390 1955; x_wconf 87' lang='lat' dir='ltr'>redderent,</span> <span class='ocrx_word' id='word_1_205' title='bbox 407 1905 702 1948; x_wconf 81' lang='lat' dir='ltr'>circumfidunt.</span> <span class='ocrx_word' id='word_1_206' title='bbox 770 1904 891 1942; x_wconf 92' lang='lat' dir='ltr'>Anno</span> <span class='ocrx_word' id='word_1_207' title='bbox 910 1906 1105 1941; x_wconf 84' lang='lat' dir='ltr'>circuma-</span> 
     </span>
     <span class='ocr_line' id='line_1_34' title="bbox 128 1956 1105 2016; baseline -0.014 -8"><span class='ocrx_word' id='word_1_208' title='bbox 128 1998 136 2008; x_wconf 90' lang='lat'>.</span> <span class='ocrx_word' id='word_1_209' title='bbox 154 1970 235 2013; x_wconf 63' lang='lat' dir='ltr'>eto,</span> <span class='ocrx_word' id='word_1_210' title='bbox 251 1966 402 2007; x_wconf 89' lang='lat' dir='ltr'>bellum</span> <span class='ocrx_word' id='word_1_211' title='bbox 419 1963 608 2016; x_wconf 86' lang='lat' dir='ltr'>deinceps</span> <span class='ocrx_word' id='word_1_212' title='bbox 629 1961 679 2000; x_wconf 90' lang='lat' dir='ltr'>ab</span> <span class='ocrx_word' id='word_1_213' title='bbox 698 1959 894 1999; x_wconf 62' lang='lat' dir='ltr'>dictatore</span> <span class='ocrx_word' id='word_1_214' title='bbox 914 1959 969 2007; x_wconf 89' lang='lat' dir='ltr'>Q.</span> <span class='ocrx_word' id='word_1_215' title='bbox 983 1956 1105 1995; x_wconf 89' lang='lat' dir='ltr'>Fabio</span> 
     </span>
     <span class='ocr_line' id='line_1_35' title="bbox 151 2014 1106 2081; baseline -0.015 -17"><span class='ocrx_word' id='word_1_216' title='bbox 151 2018 303 2081; x_wconf 77' lang='lat' dir='ltr'>gestum</span> <span class='ocrx_word' id='word_1_217' title='bbox 319 2021 373 2061; x_wconf 87' lang='lat' dir='ltr'>est</span> <span class='ocrx_word' id='word_1_218' title='bbox 388 2049 401 2067; x_wconf 90' lang='lat'>,</span> <span class='ocrx_word' id='word_1_219' title='bbox 426 2018 622 2058; x_wconf 87' lang='lat' dir='ltr'>Consules</span> <span class='ocrx_word' id='word_1_220' title='bbox 635 2019 753 2061; x_wconf 82' lang='lat' dir='ltr'>noui,</span> <span class='ocrx_word' id='word_1_221' title='bbox 777 2014 874 2053; x_wconf 86' lang='lat' dir='ltr'>ficut</span> <span class='ocrx_word' id='word_1_222' title='bbox 889 2014 1106 2068; x_wconf 85' lang='lat' dir='ltr'>superiores</span> 
     </span>
     <span class='ocr_line' id='line_1_36' title="bbox 151 2068 1105 2124; baseline -0.014 -5"><span class='ocrx_word' id='word_1_223' title='bbox 151 2081 292 2119; x_wconf 82' lang='lat' dir='ltr'>Romae</span> <span class='ocrx_word' id='word_1_224' title='bbox 302 2076 527 2116; x_wconf 78' lang='lat' dir='ltr'>manserunt</span> <span class='ocrx_word' id='word_1_225' title='bbox 540 2072 698 2112; x_wconf 84' lang='lat' dir='ltr'>:Fabius</span> <span class='ocrx_word' id='word_1_226' title='bbox 708 2073 758 2110; x_wconf 89' lang='lat' dir='ltr'>ad</span> <span class='ocrx_word' id='word_1_227' title='bbox 767 2070 1046 2124; x_wconf 88' lang='lat' dir='ltr'>accipiendum</span> <span class='ocrx_word' id='word_1_228' title='bbox 1056 2068 1105 2106; x_wconf 85' lang='lat' dir='ltr'>ab</span> 
     </span>
     <span class='ocr_line' id='line_1_37' title="bbox 151 2124 1104 2178; baseline -0.015 -3"><span class='ocrx_word' id='word_1_229' title='bbox 151 2136 320 2175; x_wconf 85' lang='lat' dir='ltr'>AEmilio</span> <span class='ocrx_word' id='word_1_230' title='bbox 329 2128 839 2176; x_wconf 87' lang='lat' dir='ltr'>exercitum‚adSaticulam</span> <span class='ocrx_word' id='word_1_231' title='bbox 849 2124 1104 2178; x_wconf 86' lang='lat' dir='ltr'>cumsupple-</span> 
     </span>
     <span class='ocr_line' id='line_1_38' title="bbox 152 2179 1106 2240; baseline -0.017 -9"><span class='ocrx_word' id='word_1_232' title='bbox 152 2203 293 2231; x_wconf 89' lang='lat' dir='ltr'>mento</span> <span class='ocrx_word' id='word_1_233' title='bbox 309 2193 429 2229; x_wconf 89' lang='lat' dir='ltr'>venit.</span> <span class='ocrx_word' id='word_1_234' title='bbox 444 2200 578 2240; x_wconf 87' lang='lat' dir='ltr'>neque</span> <span class='ocrx_word' id='word_1_235' title='bbox 595 2188 700 2223; x_wconf 89' lang='lat' dir='ltr'>enim</span> <span class='ocrx_word' id='word_1_236' title='bbox 712 2184 906 2222; x_wconf 86' lang='lat' dir='ltr'>Samnites</span> <span class='ocrx_word' id='word_1_237' title='bbox 916 2181 966 2219; x_wconf 87' lang='lat' dir='ltr'>ad</span> <span class='ocrx_word' id='word_1_238' title='bbox 983 2179 1106 2219; x_wconf 89' lang='lat' dir='ltr'>Plisti-</span> 
     </span>
     <span class='ocr_line' id='line_1_39' title="bbox 155 2238 1104 2286; baseline -0.015 1"><span class='ocrx_word' id='word_1_239' title='bbox 155 2261 219 2286; x_wconf 89' lang='lat' dir='ltr'>am</span> <span class='ocrx_word' id='word_1_240' title='bbox 228 2246 470 2286; x_wconf 83' lang='lat' dir='ltr'>manserant:</span> <span class='ocrx_word' id='word_1_241' title='bbox 481 2242 548 2281; x_wconf 87' lang='lat' dir='ltr'>sed</span> <span class='ocrx_word' id='word_1_242' title='bbox 557 2244 693 2280; x_wconf 85' lang='lat' dir='ltr'>accitis</span> <span class='ocrx_word' id='word_1_243' title='bbox 708 2241 756 2278; x_wconf 83' lang='lat' dir='ltr'>ab</span> <span class='ocrx_word' id='word_1_244' title='bbox 769 2238 892 2277; x_wconf 84' lang='lat' dir='ltr'>domo</span> <span class='ocrx_word' id='word_1_245' title='bbox 907 2241 1022 2276; x_wconf 86' lang='lat' dir='ltr'>nouis</span> <span class='ocrx_word' id='word_1_246' title='bbox 1031 2239 1104 2274; x_wconf 89' lang='lat' dir='ltr'>mi-</span> 
     </span>
     <span class='ocr_line' id='line_1_40' title="bbox 156 2294 1106 2344; baseline -0.015 -2"><span class='ocrx_word' id='word_1_247' title='bbox 156 2302 292 2342; x_wconf 90' lang='lat' dir='ltr'>litibus</span> <span class='ocrx_word' id='word_1_248' title='bbox 308 2298 567 2340; x_wconf 88' lang='lat' dir='ltr'>multitudine</span> <span class='ocrx_word' id='word_1_249' title='bbox 582 2295 672 2335; x_wconf 87' lang='lat' dir='ltr'>freti</span> <span class='ocrx_word' id='word_1_250' title='bbox 688 2323 699 2340; x_wconf 85' lang='lat'>,</span> <span class='ocrx_word' id='word_1_251' title='bbox 722 2294 844 2333; x_wconf 82' lang='lat' dir='ltr'>castra</span> <span class='ocrx_word' id='word_1_252' title='bbox 862 2294 1007 2331; x_wconf 87' lang='lat' dir='ltr'>eodem</span> <span class='ocrx_word' id='word_1_253' title='bbox 1026 2306 1106 2344; x_wconf 84' lang='lat' dir='ltr'>quo</span> 
     </span>
     <span class='ocr_line' id='line_1_41' title="bbox 155 2348 1106 2410; baseline -0.015 -13"><span class='ocrx_word' id='word_1_254' title='bbox 155 2372 250 2399; x_wconf 89' lang='lat' dir='ltr'>ante</span> <span class='ocrx_word' id='word_1_255' title='bbox 271 2359 363 2397; x_wconf 91' lang='lat' dir='ltr'>loco</span> <span class='ocrx_word' id='word_1_256' title='bbox 378 2355 617 2410; x_wconf 87' lang='lat' dir='ltr'>posuerunt:</span> <span class='ocrx_word' id='word_1_257' title='bbox 638 2348 949 2401; x_wconf 72' lang='lat' dir='ltr'>lacess&#39;entesque</span> <span class='ocrx_word' id='word_1_258' title='bbox 975 2349 1106 2400; x_wconf 81' lang='lat' dir='ltr'>praelio</span> 
     </span>
     <span class='ocr_line' id='line_1_42' title="bbox 155 2403 1105 2454; baseline -0.017 1"><span class='ocrx_word' id='word_1_259' title='bbox 155 2415 362 2454; x_wconf 85' lang='lat' dir='ltr'>Romanos</span> <span class='ocrx_word' id='word_1_260' title='bbox 373 2422 555 2450; x_wconf 86' lang='lat' dir='ltr'>auertere</span> <span class='ocrx_word' id='word_1_261' title='bbox 563 2407 612 2446; x_wconf 90' lang='lat' dir='ltr'>ab</span> <span class='ocrx_word' id='word_1_262' title='bbox 622 2405 828 2445; x_wconf 75' lang='lat' dir='ltr'>obsidione</span> <span class='ocrx_word' id='word_1_263' title='bbox 839 2403 1105 2442; x_wconf 76' lang='lat' dir='ltr'>conabantur.</span> 
     </span>
     <span class='ocr_line' id='line_1_43' title="bbox 155 2459 1107 2510; baseline -0.017 0"><span class='ocrx_word' id='word_1_264' title='bbox 155 2471 415 2510; x_wconf 85' lang='lat' dir='ltr'>Eointentius</span> <span class='ocrx_word' id='word_1_265' title='bbox 437 2466 607 2505; x_wconf 74' lang='lat' dir='ltr'>diCtator</span> <span class='ocrx_word' id='word_1_266' title='bbox 621 2466 662 2501; x_wconf 89' lang='lat' dir='ltr'>in</span> <span class='ocrx_word' id='word_1_267' title='bbox 674 2464 820 2500; x_wconf 82' lang='lat' dir='ltr'>nioenia</span> <span class='ocrx_word' id='word_1_268' title='bbox 835 2459 1006 2498; x_wconf 86' lang='lat' dir='ltr'>hostium</span> <span class='ocrx_word' id='word_1_269' title='bbox 1022 2470 1107 2495; x_wconf 88' lang='lat' dir='ltr'>ver-</span> 
     </span>
     <span class='ocr_line' id='line_1_44' title="bbox 157 2515 1107 2569; baseline -0.014 -5"><span class='ocrx_word' id='word_1_270' title='bbox 157 2526 215 2566; x_wconf 82' lang='lat' dir='ltr'>sus</span> <span class='ocrx_word' id='word_1_271' title='bbox 226 2552 236 2567; x_wconf 85' lang='lat'><em>‚</em></span> <span class='ocrx_word' id='word_1_272' title='bbox 251 2525 292 2564; x_wconf 89' lang='lat' dir='ltr'>id</span> <span class='ocrx_word' id='word_1_273' title='bbox 308 2524 459 2564; x_wconf 89' lang='lat' dir='ltr'>bellurn</span> <span class='ocrx_word' id='word_1_274' title='bbox 476 2523 576 2560; x_wconf 89' lang='lat' dir='ltr'>tanti</span> <span class='ocrx_word' id='word_1_275' title='bbox 591 2518 740 2558; x_wconf 87' lang='lat' dir='ltr'>ducere</span> <span class='ocrx_word' id='word_1_276' title='bbox 756 2516 866 2569; x_wconf 79' lang='lat' dir='ltr'>quod</span> <span class='ocrx_word' id='word_1_277' title='bbox 880 2515 1022 2554; x_wconf 88' lang='lat' dir='ltr'>vrbem</span> <span class='ocrx_word' id='word_1_278' title='bbox 1038 2527 1107 2566; x_wconf 92' lang='lat' dir='ltr'>op-</span> 
     </span>
     <span class='ocr_line' id='line_1_45' title="bbox 158 2569 1108 2636; baseline -0.015 -15"><span class='ocrx_word' id='word_1_279' title='bbox 158 2580 378 2636; x_wconf 89' lang='lat' dir='ltr'>pugnabat:</span> <span class='ocrx_word' id='word_1_280' title='bbox 394 2579 566 2617; x_wconf 88' lang='lat' dir='ltr'>securior</span> <span class='ocrx_word' id='word_1_281' title='bbox 574 2574 623 2613; x_wconf 90' lang='lat' dir='ltr'>ab</span> <span class='ocrx_word' id='word_1_282' title='bbox 635 2572 875 2612; x_wconf 87' lang='lat' dir='ltr'>Samnitibus</span> <span class='ocrx_word' id='word_1_283' title='bbox 884 2584 1020 2624; x_wconf 84' lang='lat' dir='ltr'>agere,</span> <span class='ocrx_word' id='word_1_284' title='bbox 1035 2569 1108 2608; x_wconf 84' lang='lat' dir='ltr'>sta-</span> 
     </span>
     <span class='ocr_line' id='line_1_46' title="bbox 162 2626 1110 2686; baseline -0.013 -12"><span class='ocrx_word' id='word_1_285' title='bbox 162 2637 336 2676; x_wconf 87' lang='lat' dir='ltr'>tionibus</span> <span class='ocrx_word' id='word_1_286' title='bbox 351 2634 477 2674; x_wconf 90' lang='lat' dir='ltr'>modo</span> <span class='ocrx_word' id='word_1_287' title='bbox 492 2629 698 2686; x_wconf 79' lang='lat' dir='ltr'>oppositiS,</span> <span class='ocrx_word' id='word_1_288' title='bbox 713 2642 852 2681; x_wconf 85' lang='lat' dir='ltr'>nequa</span> <span class='ocrx_word' id='word_1_289' title='bbox 867 2631 907 2665; x_wconf 89' lang='lat' dir='ltr'>in</span> <span class='ocrx_word' id='word_1_290' title='bbox 923 2626 1046 2666; x_wconf 86' lang='lat' dir='ltr'>castra</span> <span class='ocrx_word' id='word_1_291' title='bbox 1055 2630 1110 2663; x_wconf 90' lang='lat' dir='ltr'>vis</span> 
     </span>
     <span class='ocr_line' id='line_1_47' title="bbox 162 2681 1109 2739; baseline -0.014 -8"><span class='ocrx_word' id='word_1_292' title='bbox 162 2691 288 2731; x_wconf 87' lang='lat' dir='ltr'>fieret.</span> <span class='ocrx_word' id='word_1_293' title='bbox 304 2705 352 2730; x_wconf 88' lang='lat' dir='ltr'>eo</span> <span class='ocrx_word' id='word_1_294' title='bbox 361 2689 531 2730; x_wconf 88' lang='lat' dir='ltr'>ferocius</span> <span class='ocrx_word' id='word_1_295' title='bbox 542 2687 777 2739; x_wconf 85' lang='lat' dir='ltr'>obequitare</span> <span class='ocrx_word' id='word_1_296' title='bbox 789 2685 981 2722; x_wconf 87' lang='lat' dir='ltr'>Samnites</span> <span class='ocrx_word' id='word_1_297' title='bbox 990 2681 1109 2725; x_wconf 86' lang='lat' dir='ltr'>vallo,</span> 
     </span>
     <span class='ocr_line' id='line_1_48' title="bbox 160 2741 1110 2801; baseline -0.014 -14"><span class='ocrx_word' id='word_1_298' title='bbox 160 2761 294 2801; x_wconf 82' lang='lat' dir='ltr'>neque</span> <span class='ocrx_word' id='word_1_299' title='bbox 310 2750 443 2786; x_wconf 88' lang='lat' dir='ltr'>ocium</span> <span class='ocrx_word' id='word_1_300' title='bbox 453 2748 546 2800; x_wconf 85' lang='lat' dir='ltr'>pati.</span> <span class='ocrx_word' id='word_1_301' title='bbox 558 2748 598 2782; x_wconf 85' lang='lat'>&amp;</span> <span class='ocrx_word' id='word_1_302' title='bbox 607 2754 733 2795; x_wconf 90' lang='lat' dir='ltr'>quum</span> <span class='ocrx_word' id='word_1_303' title='bbox 747 2743 825 2778; x_wconf 88' lang='lat' dir='ltr'>iam</span> <span class='ocrx_word' id='word_1_304' title='bbox 835 2752 958 2793; x_wconf 88' lang='lat' dir='ltr'>prope</span> <span class='ocrx_word' id='word_1_305' title='bbox 968 2741 1008 2776; x_wconf 91' lang='lat' dir='ltr'>in</span> <span class='ocrx_word' id='word_1_306' title='bbox 1018 2751 1110 2791; x_wconf 86' lang='lat' dir='ltr'>pot·</span> 
     </span>
     <span class='ocr_line' id='line_1_49' title="bbox 38 2793 1110 2843; baseline -0.013 1"><span class='ocrx_word' id='word_1_307' title='bbox 38 2804 41 2832; x_wconf 66' lang='lat'>³</span> <span class='ocrx_word' id='word_1_308' title='bbox 161 2807 209 2843; x_wconf 86' lang='lat' dir='ltr'>tis</span> <span class='ocrx_word' id='word_1_309' title='bbox 220 2802 432 2842; x_wconf 87' lang='lat' dir='ltr'>castrorum</span> <span class='ocrx_word' id='word_1_310' title='bbox 442 2798 679 2843; x_wconf 83' lang='lat' dir='ltr'>effethostis,</span> <span class='ocrx_word' id='word_1_311' title='bbox 691 2796 788 2834; x_wconf 86' lang='lat' dir='ltr'>nihil</span> <span class='ocrx_word' id='word_1_312' title='bbox 799 2795 981 2834; x_wconf 87' lang='lat' dir='ltr'>consulto</span> <span class='ocrx_word' id='word_1_313' title='bbox 994 2793 1110 2832; x_wconf 67' lang='lat' dir='ltr'>dieta-</span> 
     </span>
     <span class='ocr_line' id='line_1_50' title="bbox 93 2850 1110 2912; baseline -0.013 -12"><span class='ocrx_word' id='word_1_314' title='bbox 93 2869 96 2872; x_wconf 52' lang='lat'><em>*</em></span> <span class='ocrx_word' id='word_1_315' title='bbox 163 2870 252 2899; x_wconf 86' lang='lat' dir='ltr'>tore</span> <span class='ocrx_word' id='word_1_316' title='bbox 262 2857 444 2912; x_wconf 85' lang='lat' dir='ltr'>magister</span> <span class='ocrx_word' id='word_1_317' title='bbox 458 2852 640 2910; x_wconf 85' lang='lat' dir='ltr'>equitum</span> <span class='ocrx_word' id='word_1_318' title='bbox 656 2852 910 2906; x_wconf 69' lang='lat' dir='ltr'>QAEmil&#39;ius</span> <span class='ocrx_word' id='word_1_319' title='bbox 922 2850 1110 2889; x_wconf 88' lang='lat' dir='ltr'>Cerreta-</span> 
     </span>
     <span class='ocr_line' id='line_1_51' title="bbox 160 2907 1108 2968; baseline -0.012 -13"><span class='ocrx_word' id='word_1_320' title='bbox 160 2928 235 2955; x_wconf 84' lang='lat' dir='ltr'>nus</span> <span class='ocrx_word' id='word_1_321' title='bbox 253 2927 397 2968; x_wconf 85' lang='lat' dir='ltr'>magno</span> <span class='ocrx_word' id='word_1_322' title='bbox 413 2912 587 2951; x_wconf 89' lang='lat' dir='ltr'>tumultu</span> <span class='ocrx_word' id='word_1_323' title='bbox 603 2923 694 2949; x_wconf 89' lang='lat' dir='ltr'>cum</span> <span class='ocrx_word' id='word_1_324' title='bbox 711 2907 896 2947; x_wconf 84' lang='lat' dir='ltr'>omnibus</span> <span class='ocrx_word' id='word_1_325' title='bbox 915 2909 1049 2945; x_wconf 85' lang='lat' dir='ltr'>turmis</span> <span class='ocrx_word' id='word_1_326' title='bbox 1069 2919 1108 2944; x_wconf 87' lang='lat' dir='ltr'>e—</span> 
     </span>
     <span class='ocr_line' id='line_1_52' title="bbox 163 2963 1110 3025; baseline -0.013 -15"><span class='ocrx_word' id='word_1_327' title='bbox 163 2975 321 3025; x_wconf 89' lang='lat' dir='ltr'>quitum</span> <span class='ocrx_word' id='word_1_328' title='bbox 332 2963 984 3012; x_wconf 62' lang='lat' dir='ltr'>euectusJummouithostem.tum</span> <span class='ocrx_word' id='word_1_329' title='bbox 994 2975 1034 2999; x_wconf 92' lang='lat' dir='ltr'>in</span> <span class='ocrx_word' id='word_1_330' title='bbox 1044 2965 1110 2999; x_wconf 83' lang='lat' dir='ltr'>mi-</span> 
     </span>
    </p>
   </div>
   <div class='ocr_carea' id='block_1_4' title="bbox 0 530 35 928">
    <p class='ocr_par' dir='ltr' id='par_1_6' title="bbox 0 530 35 928">
     <span class='ocr_line' id='line_1_53' title="bbox 0 530 26 657; baseline 0 0"><span class='ocrx_word' id='word_1_331' title='bbox 0 530 26 657; x_wconf 95' lang='lat' dir='ltr'>  </span> 
     </span>
     <span class='ocr_line' id='line_1_54' title="bbox 0 657 35 928; baseline 0 -211"><span class='ocrx_word' id='word_1_332' title='bbox 0 657 35 928; x_wconf 95' lang='lat' dir='ltr'>     </span> 
     </span>
    </p>
   </div>
   <div class='ocr_carea' id='block_1_5' title="bbox 0 1890 142 2556">
    <p class='ocr_par' dir='ltr' id='par_1_7' title="bbox 0 1890 142 2556">
     <span class='ocr_line' id='line_1_55' title="bbox 0 1890 142 2556; baseline 0 1511"><span class='ocrx_word' id='word_1_333' title='bbox 0 1890 142 2556; x_wconf 95' lang='lat' dir='ltr'> </span> 
     </span>
    </p>
   </div>
   <div class='ocr_carea' id='block_1_6' title="bbox 1126 2304 1135 2744">
    <p class='ocr_par' dir='ltr' id='par_1_8' title="bbox 1126 2304 1136 2876">
     <span class='ocr_line' id='line_1_56' title="bbox 1126 2304 1135 2744; baseline 0 132"><span class='ocrx_word' id='word_1_334' title='bbox 1126 2304 1135 2744; x_wconf 61' lang='lat' dir='ltr'>l</span> 
     </span>
    </p>
   </div>
   <div class='ocr_carea' id='block_1_7' title="bbox 1133 2880 1137 2985">
    <p class='ocr_par' dir='ltr' id='par_1_9' title="bbox 1133 2880 1137 2985">
     <span class='ocr_line' id='line_1_57' title="bbox 1133 2880 1137 2985; baseline 0 1082"><span class='ocrx_word' id='word_1_335' title='bbox 1133 2880 1137 2985; x_wconf 95' lang='lat' dir='ltr'> </span> 
     </span>
    </p>
   </div>
   <div class='ocr_carea' id='block_1_8' title="bbox 1271 97 2077 170">
    <p class='ocr_par' dir='ltr' id='par_1_10' title="bbox 1271 97 2077 170">
     <span class='ocr_line' id='line_1_58' title="bbox 1271 97 2077 170; baseline -0.009 -18"><span class='ocrx_word' id='word_1_336' title='bbox 1271 97 1366 152; x_wconf 83' lang='lat' dir='ltr'>ix.</span> <span class='ocrx_word' id='word_1_337' title='bbox 1994 123 2077 170; x_wconf 72' lang='lat'>1⁶7</span> 
     </span>
    </p>
   </div>
   <div class='ocr_carea' id='block_1_9' title="bbox 1135 245 2266 3018">
    <p class='ocr_par' dir='ltr' id='par_1_11' title="bbox 1135 245 2266 2571">
     <span class='ocr_line' id='line_1_59' title="bbox 1138 245 2081 299; baseline 0.011 -20"><span class='ocrx_word' id='word_1_338' title='bbox 1138 245 1340 285; x_wconf 85' lang='lat' dir='ltr'>iecerunt,</span> <span class='ocrx_word' id='word_1_339' title='bbox 1355 246 1543 295; x_wconf 66' lang='lat' dir='ltr'>fratrique</span> <span class='ocrx_word' id='word_1_340' title='bbox 1552 250 1789 299; x_wconf 83' lang='lat' dir='ltr'>praecipuum</span> <span class='ocrx_word' id='word_1_341' title='bbox 1801 249 1922 288; x_wconf 88' lang='lat' dir='ltr'>decus</span> <span class='ocrx_word' id='word_1_342' title='bbox 1932 251 2000 289; x_wconf 92' lang='lat' dir='ltr'>vlti</span> <span class='ocrx_word' id='word_1_343' title='bbox 2012 251 2081 289; x_wconf 91' lang='lat' dir='ltr'>Sa-</span> 
     </span>
     <span class='ocr_line' id='line_1_60' title="bbox 1135 299 2082 350; baseline 0.011 -16"><span class='ocrx_word' id='word_1_344' title='bbox 1135 299 1324 335; x_wconf 88' lang='lat' dir='ltr'>mnitium</span> <span class='ocrx_word' id='word_1_345' title='bbox 1345 300 1591 350; x_wconf 86' lang='lat' dir='ltr'>imperatoris</span> <span class='ocrx_word' id='word_1_346' title='bbox 1613 299 1819 342; x_wconf 86' lang='lat' dir='ltr'>dederunt.</span> <span class='ocrx_word' id='word_1_347' title='bbox 1839 307 1870 342; x_wconf 81' lang='lat' dir='ltr'>i&#39;s</span> <span class='ocrx_word' id='word_1_348' title='bbox 1894 306 2082 344; x_wconf 63' lang='lat' dir='ltr'>vffilorem</span> 
     </span>
     <span class='ocr_line' id='line_1_61' title="bbox 1140 351 2082 412; baseline 0.011 -22"><span class='ocrx_word' id='word_1_349' title='bbox 1140 351 1364 391; x_wconf 60' lang='lat' dir='ltr'>detractum</span> <span class='ocrx_word' id='word_1_350' title='bbox 1379 366 1427 390; x_wconf 84' lang='lat' dir='ltr'>ex</span> <span class='ocrx_word' id='word_1_351' title='bbox 1441 366 1546 406; x_wconf 89' lang='lat' dir='ltr'>equo</span> <span class='ocrx_word' id='word_1_352' title='bbox 1562 355 1784 406; x_wconf 73' lang='lat' dir='ltr'>magistrum</span> <span class='ocrx_word' id='word_1_353' title='bbox 1802 362 1981 412; x_wconf 87' lang='lat' dir='ltr'>equitum</span> <span class='ocrx_word' id='word_1_354' title='bbox 1997 360 2082 412; x_wconf 84' lang='lat' dir='ltr'>ple-</span> 
     </span>
     <span class='ocr_line' id='line_1_62' title="bbox 1138 410 2080 460; baseline 0.01 -16"><span class='ocrx_word' id='word_1_355' title='bbox 1138 419 1211 445; x_wconf 91' lang='lat' dir='ltr'>nus</span> <span class='ocrx_word' id='word_1_356' title='bbox 1225 410 1406 447; x_wconf 80' lang='lat' dir='ltr'>moeroris</span> <span class='ocrx_word' id='word_1_357' title='bbox 1419 420 1539 460; x_wconf 88' lang='lat' dir='ltr'>atque</span> <span class='ocrx_word' id='word_1_358' title='bbox 1553 412 1614 446; x_wconf 85' lang='lat' dir='ltr'>irae</span> <span class='ocrx_word' id='word_1_359' title='bbox 1630 412 1843 452; x_wconf 83' lang='lat' dir='ltr'>trucidauit</span> <span class='ocrx_word' id='word_1_360' title='bbox 1861 430 1868 451; x_wconf 90' lang='lat'>:</span> <span class='ocrx_word' id='word_1_361' title='bbox 1885 428 1961 453; x_wconf 90' lang='lat' dir='ltr'>nec</span> <span class='ocrx_word' id='word_1_362' title='bbox 1976 415 2080 452; x_wconf 83' lang='lat' dir='ltr'>mul-</span> 
     </span>
     <span class='ocr_line' id='line_1_63' title="bbox 1141 460 2081 521; baseline 0.01 -22"><span class='ocrx_word' id='word_1_363' title='bbox 1141 474 1224 500; x_wconf 87' lang='lat' dir='ltr'>tum</span> <span class='ocrx_word' id='word_1_364' title='bbox 1241 460 1367 500; x_wconf 87' lang='lat' dir='ltr'>abfuit</span> <span class='ocrx_word' id='word_1_365' title='bbox 1380 490 1392 506; x_wconf 93' lang='lat'><em>‚</em></span> <span class='ocrx_word' id='word_1_366' title='bbox 1412 467 1508 516; x_wconf 84' lang='lat' dir='ltr'>quin</span> <span class='ocrx_word' id='word_1_367' title='bbox 1530 477 1695 517; x_wconf 88' lang='lat' dir='ltr'>corpore</span> <span class='ocrx_word' id='word_1_368' title='bbox 1712 469 1851 512; x_wconf 83' lang='lat' dir='ltr'>etiam,</span> <span class='ocrx_word' id='word_1_369' title='bbox 1874 473 1964 521; x_wconf 86' lang='lat' dir='ltr'>quia</span> <span class='ocrx_word' id='word_1_370' title='bbox 1978 474 2081 508; x_wconf 84' lang='lat' dir='ltr'>inter</span> 
     </span>
     <span class='ocr_line' id='line_1_64' title="bbox 1137 515 2083 577; baseline 0.01 -23"><span class='ocrx_word' id='word_1_371' title='bbox 1137 515 1295 555; x_wconf 87' lang='lat' dir='ltr'>hostiles</span> <span class='ocrx_word' id='word_1_372' title='bbox 1305 518 1505 557; x_wconf 85' lang='lat' dir='ltr'>ceciderat</span> <span class='ocrx_word' id='word_1_373' title='bbox 1515 531 1681 564; x_wconf 62' lang='lat' dir='ltr'>turmam,</span> <span class='ocrx_word' id='word_1_374' title='bbox 1700 521 1891 562; x_wconf 87' lang='lat' dir='ltr'>Samnites</span> <span class='ocrx_word' id='word_1_375' title='bbox 1906 528 2083 577; x_wconf 85' lang='lat' dir='ltr'>potiren-</span> 
     </span>
     <span class='ocr_line' id='line_1_65' title="bbox 1139 572 2085 628; baseline 0.01 -19"><span class='ocrx_word' id='word_1_376' title='bbox 1139 583 1214 610; x_wconf 87' lang='lat' dir='ltr'>tur.</span> <span class='ocrx_word' id='word_1_377' title='bbox 1224 572 1290 611; x_wconf 86' lang='lat' dir='ltr'>sed</span> <span class='ocrx_word' id='word_1_378' title='bbox 1301 574 1500 627; x_wconf 83' lang='lat' dir='ltr'>extemplo</span> <span class='ocrx_word' id='word_1_379' title='bbox 1517 574 1565 612; x_wconf 85' lang='lat' dir='ltr'>ad</span> <span class='ocrx_word' id='word_1_380' title='bbox 1576 574 1697 628; x_wconf 80' lang='lat' dir='ltr'>pedes</span> <span class='ocrx_word' id='word_1_381' title='bbox 1707 576 1931 616; x_wconf 84' lang='lat' dir='ltr'>descenlum</span> <span class='ocrx_word' id='word_1_382' title='bbox 1940 580 1989 618; x_wconf 91' lang='lat' dir='ltr'>ab</span> <span class='ocrx_word' id='word_1_383' title='bbox 1999 579 2085 618; x_wconf 87' lang='lat' dir='ltr'>Ro-</span> 
     </span>
     <span class='ocr_line' id='line_1_66' title="bbox 1137 628 2084 682; baseline 0.007 -17"><span class='ocrx_word' id='word_1_384' title='bbox 1137 631 1260 665; x_wconf 85' lang='lat' dir='ltr'>manis</span> <span class='ocrx_word' id='word_1_385' title='bbox 1270 628 1677 682; x_wconf 68' lang='lat' dir='ltr'>est‚coa&amp;iqueidem</span> <span class='ocrx_word' id='word_1_386' title='bbox 1689 631 1879 672; x_wconf 85' lang='lat' dir='ltr'>Samnites</span> <span class='ocrx_word' id='word_1_387' title='bbox 1888 631 2031 673; x_wconf 86' lang='lat' dir='ltr'>facere.</span> <span class='ocrx_word' id='word_1_388' title='bbox 2043 639 2084 672; x_wconf 74' lang='grc' dir='ltr'>δε</span> 
     </span>
     <span class='ocr_line' id='line_1_67' title="bbox 1139 687 2084 743; baseline 0.005 -22"><span class='ocrx_word' id='word_1_389' title='bbox 1139 687 1346 735; x_wconf 84' lang='lat' dir='ltr'>repentina</span> <span class='ocrx_word' id='word_1_390' title='bbox 1365 688 1469 723; x_wconf 89' lang='lat' dir='ltr'>acies</span> <span class='ocrx_word' id='word_1_391' title='bbox 1489 688 1593 723; x_wconf 88' lang='lat' dir='ltr'>circa</span> <span class='ocrx_word' id='word_1_392' title='bbox 1615 699 1780 740; x_wconf 77' lang='lat' dir='ltr'>corpora</span> <span class='ocrx_word' id='word_1_393' title='bbox 1798 688 1946 728; x_wconf 86' lang='lat' dir='ltr'>ducum</span> <span class='ocrx_word' id='word_1_394' title='bbox 1961 689 2084 743; x_wconf 86' lang='lat' dir='ltr'>pede-</span> 
     </span>
     <span class='ocr_line' id='line_1_68' title="bbox 1140 736 2084 798; baseline 0.006 -23"><span class='ocrx_word' id='word_1_395' title='bbox 1140 737 1213 776; x_wconf 87' lang='lat' dir='ltr'>stre</span> <span class='ocrx_word' id='word_1_396' title='bbox 1235 739 1410 792; x_wconf 82' lang='lat' dir='ltr'>praelium</span> <span class='ocrx_word' id='word_1_397' title='bbox 1430 736 1546 786; x_wconf 63' lang='lat' dir='ltr'>iniit}</span> <span class='ocrx_word' id='word_1_398' title='bbox 1576 752 1656 793; x_wconf 88' lang='lat' dir='ltr'>quo</span> <span class='ocrx_word' id='word_1_399' title='bbox 1672 741 1778 781; x_wconf 85' lang='lat' dir='ltr'>haud</span> <span class='ocrx_word' id='word_1_400' title='bbox 1794 744 1914 783; x_wconf 87' lang='lat' dir='ltr'>dubie</span> <span class='ocrx_word' id='word_1_401' title='bbox 1930 745 2084 798; x_wconf 86' lang='lat' dir='ltr'>superat</span> 
     </span>
     <span class='ocr_line' id='line_1_69' title="bbox 1141 793 2086 852; baseline 0.005 -21"><span class='ocrx_word' id='word_1_402' title='bbox 1141 793 1348 832; x_wconf 86' lang='lat' dir='ltr'>Romanus</span> <span class='ocrx_word' id='word_1_403' title='bbox 1365 810 1373 831; x_wconf 91' lang='lat'>:</span> <span class='ocrx_word' id='word_1_404' title='bbox 1394 808 1751 849; x_wconf 84' lang='lat' dir='ltr'>recuperatumque</span> <span class='ocrx_word' id='word_1_405' title='bbox 1773 799 1926 838; x_wconf 84' lang='lat' dir='ltr'>AEmi&#39;lii</span> <span class='ocrx_word' id='word_1_406' title='bbox 1943 811 2086 852; x_wconf 86' lang='lat' dir='ltr'>corpus</span> 
     </span>
     <span class='ocr_line' id='line_1_70' title="bbox 1141 849 2088 894; baseline 0.006 -8"><span class='ocrx_word' id='word_1_407' title='bbox 1141 849 1249 887; x_wconf 88' lang='lat' dir='ltr'>mista</span> <span class='ocrx_word' id='word_1_408' title='bbox 1266 850 1505 889; x_wconf 88' lang='lat' dir='ltr'>cumdolore</span> <span class='ocrx_word' id='word_1_409' title='bbox 1523 851 1654 889; x_wconf 82' lang='lat' dir='ltr'>laetitia</span> <span class='ocrx_word' id='word_1_410' title='bbox 1669 854 1834 892; x_wconf 64' lang='lat' dir='ltr'>vidiorcs</span> <span class='ocrx_word' id='word_1_411' title='bbox 1847 859 1888 893; x_wconf 93' lang='lat' dir='ltr'>in</span> <span class='ocrx_word' id='word_1_412' title='bbox 1898 856 2017 894; x_wconf 88' lang='lat' dir='ltr'>castra</span> <span class='ocrx_word' id='word_1_413' title='bbox 2026 868 2088 892; x_wconf 89' lang='lat' dir='ltr'>re-</span> 
     </span>
     <span class='ocr_line' id='line_1_71' title="bbox 1141 902 2086 963; baseline 0.007 -20"><span class='ocrx_word' id='word_1_414' title='bbox 1141 902 1288 944; x_wconf 87' lang='lat' dir='ltr'>ferunt.</span> <span class='ocrx_word' id='word_1_415' title='bbox 1324 907 1519 944; x_wconf 81' lang='lat' dir='ltr'>Samnites</span> <span class='ocrx_word' id='word_1_416' title='bbox 1535 905 1638 944; x_wconf 91' lang='lat' dir='ltr'>duce</span> <span class='ocrx_word' id='word_1_417' title='bbox 1654 907 1806 954; x_wconf 72' lang='lat' dir='ltr'>amisso,</span> <span class='ocrx_word' id='word_1_418' title='bbox 1822 916 1860 948; x_wconf 83' lang='lat'>&amp;</span> <span class='ocrx_word' id='word_1_419' title='bbox 1878 925 1946 963; x_wconf 85' lang='lat' dir='ltr'>per</span> <span class='ocrx_word' id='word_1_420' title='bbox 1963 923 2086 963; x_wconf 85' lang='lat' dir='ltr'>eque-</span> 
     </span>
     <span class='ocr_line' id='line_1_72' title="bbox 1142 959 2087 1008; baseline 0.004 -9"><span class='ocrx_word' id='word_1_421' title='bbox 1142 959 1216 999; x_wconf 91' lang='lat' dir='ltr'>stre</span> <span class='ocrx_word' id='word_1_422' title='bbox 1225 974 1427 1000; x_wconf 86' lang='lat' dir='ltr'>certamen</span> <span class='ocrx_word' id='word_1_423' title='bbox 1438 965 1600 1000; x_wconf 88' lang='lat' dir='ltr'>tentatis</span> <span class='ocrx_word' id='word_1_424' title='bbox 1609 963 1754 1001; x_wconf 85' lang='lat' dir='ltr'>viribus</span> <span class='ocrx_word' id='word_1_425' title='bbox 1765 992 1775 1008; x_wconf 83' lang='lat'>‚</span> <span class='ocrx_word' id='word_1_426' title='bbox 1790 965 1921 1003; x_wconf 77' lang='lat' dir='ltr'>omissa</span> <span class='ocrx_word' id='word_1_427' title='bbox 1932 966 2087 1005; x_wconf 83' lang='lat' dir='ltr'>Saticu-</span> 
     </span>
     <span class='ocr_line' id='line_1_73' title="bbox 1142 1015 2088 1071; baseline 0.005 -18"><span class='ocrx_word' id='word_1_428' title='bbox 1142 1016 1198 1060; x_wconf 88' lang='lat' dir='ltr'>la,</span> <span class='ocrx_word' id='word_1_429' title='bbox 1215 1030 1335 1071; x_wconf 89' lang='lat' dir='ltr'>quam</span> <span class='ocrx_word' id='word_1_430' title='bbox 1355 1020 1604 1071; x_wconf 81' lang='lat' dir='ltr'>nequiquam</span> <span class='ocrx_word' id='word_1_431' title='bbox 1626 1015 1790 1058; x_wconf 83' lang='lat' dir='ltr'>defendi</span> <span class='ocrx_word' id='word_1_432' title='bbox 1808 1021 2018 1065; x_wconf 80' lang='lat' dir='ltr'>rebantur,</span> <span class='ocrx_word' id='word_1_433' title='bbox 2035 1020 2088 1058; x_wconf 87' lang='lat' dir='ltr'>ad</span> 
     </span>
     <span class='ocr_line' id='line_1_74' title="bbox 1143 1070 2086 1130; baseline 0.005 -22"><span class='ocrx_word' id='word_1_434' title='bbox 1143 1070 1279 1110; x_wconf 69' lang='lat' dir='ltr'>Piistiae</span> <span class='ocrx_word' id='word_1_435' title='bbox 1294 1072 1540 1112; x_wconf 77' lang='lat' dir='ltr'>obsidionem</span> <span class='ocrx_word' id='word_1_436' title='bbox 1564 1072 1759 1112; x_wconf 79' lang='lat' dir='ltr'>redeunt:</span> <span class='ocrx_word' id='word_1_437' title='bbox 1784 1079 1966 1128; x_wconf 82' lang='lat' dir='ltr'>intraque</span> <span class='ocrx_word' id='word_1_438' title='bbox 1989 1071 2086 1130; x_wconf 68' lang='lat' dir='ltr'>p&#39;au-</span> 
     </span>
     <span class='ocr_line' id='line_1_75' title="bbox 1144 1128 2086 1184; baseline 0.005 -19"><span class='ocrx_word' id='word_1_439' title='bbox 1144 1141 1212 1165; x_wconf 91' lang='lat' dir='ltr'>cos</span> <span class='ocrx_word' id='word_1_440' title='bbox 1227 1128 1310 1167; x_wconf 89' lang='lat' dir='ltr'>dies</span> <span class='ocrx_word' id='word_1_441' title='bbox 1330 1130 1501 1168; x_wconf 87' lang='lat' dir='ltr'>Saticula</span> <span class='ocrx_word' id='word_1_442' title='bbox 1517 1128 1722 1167; x_wconf 83' lang='lat' dir='ltr'>Romanus</span> <span class='ocrx_word' id='word_1_443' title='bbox 1739 1145 1806 1184; x_wconf 89' lang='lat' dir='ltr'>per</span> <span class='ocrx_word' id='word_1_444' title='bbox 1823 1131 2086 1176; x_wconf 85' lang='lat' dir='ltr'>deditionem,</span> 
     </span>
     <span class='ocr_line' id='line_1_76' title="bbox 1144 1182 2087 1238; baseline 0.006 -18"><span class='ocrx_word' id='word_1_445' title='bbox 1144 1182 1272 1221; x_wconf 87' lang='lat' dir='ltr'>Plistia</span> <span class='ocrx_word' id='word_1_446' title='bbox 1288 1197 1356 1237; x_wconf 86' lang='lat' dir='ltr'>per</span> <span class='ocrx_word' id='word_1_447' title='bbox 1369 1187 1448 1222; x_wconf 83' lang='lat' dir='ltr'>vim</span> <span class='ocrx_word' id='word_1_448' title='bbox 1466 1184 1616 1222; x_wconf 86' lang='lat' dir='ltr'>Samnis</span> <span class='ocrx_word' id='word_1_449' title='bbox 1631 1189 1792 1238; x_wconf 82' lang='lat' dir='ltr'>potitur.</span> <span class='ocrx_word' id='word_1_450' title='bbox 1862 1187 2087 1226; x_wconf 86' lang='lat' dir='ltr'>Mutatain-</span> 
     </span>
     <span class='ocr_line' id='line_1_77' title="bbox 1146 1237 2088 1296; baseline 0.005 -20"><span class='ocrx_word' id='word_1_451' title='bbox 1146 1237 1196 1277; x_wconf 90' lang='lat' dir='ltr'>de</span> <span class='ocrx_word' id='word_1_452' title='bbox 1214 1239 1307 1277; x_wconf 82' lang='lat' dir='ltr'>belli</span> <span class='ocrx_word' id='word_1_453' title='bbox 1322 1239 1431 1278; x_wconf 83' lang='lat' dir='ltr'>sedes</span> <span class='ocrx_word' id='word_1_454' title='bbox 1448 1239 1514 1278; x_wconf 88' lang='lat' dir='ltr'>est.</span> <span class='ocrx_word' id='word_1_455' title='bbox 1540 1239 1592 1278; x_wconf 89' lang='lat' dir='ltr'>ad</span> <span class='ocrx_word' id='word_1_456' title='bbox 1608 1241 1744 1279; x_wconf 81' lang='lat' dir='ltr'>Soram</span> <span class='ocrx_word' id='word_1_457' title='bbox 1759 1242 1779 1280; x_wconf 79' lang='lat' dir='ltr'>e</span> <span class='ocrx_word' id='word_1_458' title='bbox 1799 1243 1959 1282; x_wconf 89' lang='lat' dir='ltr'>Samnio</span> <span class='ocrx_word' id='word_1_459' title='bbox 1977 1243 2088 1296; x_wconf 87' lang='lat' dir='ltr'>Apu-</span> 
     </span>
     <span class='ocr_line' id='line_1_78' title="bbox 1143 1293 2089 1348; baseline 0.006 -17"><span class='ocrx_word' id='word_1_460' title='bbox 1143 1293 1274 1347; x_wconf 76' lang='lat' dir='ltr'>liaque</span> <span class='ocrx_word' id='word_1_461' title='bbox 1289 1294 1476 1334; x_wconf 66' lang='lat' dir='ltr'>tradutsiae</span> <span class='ocrx_word' id='word_1_462' title='bbox 1492 1296 1678 1348; x_wconf 58' lang='lat' dir='ltr'>legiones</span> <span class='ocrx_word' id='word_1_463' title='bbox 1714 1297 1810 1337; x_wconf 85' lang='lat' dir='ltr'>Sora</span> <span class='ocrx_word' id='word_1_464' title='bbox 1825 1297 1876 1337; x_wconf 86' lang='lat' dir='ltr'>ad</span> <span class='ocrx_word' id='word_1_465' title='bbox 1894 1298 2089 1338; x_wconf 83' lang='lat' dir='ltr'>Samnites</span> 
     </span>
     <span class='ocr_line' id='line_1_79' title="bbox 1145 1348 2090 1397; baseline 0.005 -9"><span class='ocrx_word' id='word_1_466' title='bbox 1145 1349 1350 1389; x_wconf 74' lang='lat' dir='ltr'>deiecerat</span> <span class='ocrx_word' id='word_1_467' title='bbox 1365 1378 1376 1395; x_wconf 80' lang='lat'><em>,</em></span> <span class='ocrx_word' id='word_1_468' title='bbox 1397 1348 1613 1389; x_wconf 57' lang='lat' dir='ltr'>interit-stis</span> <span class='ocrx_word' id='word_1_469' title='bbox 1628 1353 1780 1392; x_wconf 89' lang='lat' dir='ltr'>colonis</span> <span class='ocrx_word' id='word_1_470' title='bbox 1803 1354 2090 1397; x_wconf 84' lang='lat' dir='ltr'>Romanorum.</span> 
     </span>
     <span class='ocr_line' id='line_1_80' title="bbox 1144 1408 2093 1465; baseline 0.005 -22"><span class='ocrx_word' id='word_1_471' title='bbox 1144 1419 1225 1465; x_wconf 72' lang='lat' dir='ltr'>quo</span> <span class='ocrx_word' id='word_1_472' title='bbox 1236 1420 1360 1459; x_wconf 89' lang='lat' dir='ltr'>quum</span> <span class='ocrx_word' id='word_1_473' title='bbox 1376 1411 1481 1460; x_wconf 90' lang='lat' dir='ltr'>prior</span> <span class='ocrx_word' id='word_1_474' title='bbox 1499 1408 1704 1447; x_wconf 85' lang='lat' dir='ltr'>Romanus</span> <span class='ocrx_word' id='word_1_475' title='bbox 1720 1413 1914 1448; x_wconf 87' lang='lat' dir='ltr'>exercitus</span> <span class='ocrx_word' id='word_1_476' title='bbox 1930 1409 1980 1448; x_wconf 83' lang='lat' dir='ltr'>ad</span> <span class='ocrx_word' id='word_1_477' title='bbox 1995 1411 2093 1449; x_wconf 77' lang='lat' dir='ltr'>vlci-</span> 
     </span>
     <span class='ocr_line' id='line_1_81' title="bbox 1145 1463 2095 1518; baseline 0.007 -20"><span class='ocrx_word' id='word_1_478' title='bbox 1145 1463 1330 1501; x_wconf 80' lang='lat' dir='ltr'>lcendam</span> <span class='ocrx_word' id='word_1_479' title='bbox 1345 1466 1492 1500; x_wconf 87' lang='lat' dir='ltr'>ciuium</span> <span class='ocrx_word' id='word_1_480' title='bbox 1508 1476 1650 1501; x_wconf 80' lang='lat' dir='ltr'>necem</span> <span class='ocrx_word' id='word_1_481' title='bbox 1667 1494 1674 1504; x_wconf 80' lang='grc'>,</span> <span class='ocrx_word' id='word_1_482' title='bbox 1701 1465 2095 1518; x_wconf 80' lang='lat' dir='ltr'>recuperandamque</span> 
     </span>
     <span class='ocr_line' id='line_1_82' title="bbox 1147 1518 2095 1577; baseline 0.006 -22"><span class='ocrx_word' id='word_1_483' title='bbox 1147 1518 1346 1577; x_wconf 78' lang='lat' dir='ltr'>coloniam</span> <span class='ocrx_word' id='word_1_484' title='bbox 1367 1522 1518 1571; x_wconf 78' lang='lat' dir='ltr'>magnis</span> <span class='ocrx_word' id='word_1_485' title='bbox 1539 1520 1744 1558; x_wconf 85' lang='lat' dir='ltr'>itineribus</span> <span class='ocrx_word' id='word_1_486' title='bbox 1766 1519 2003 1574; x_wconf 82' lang='lat' dir='ltr'>peruenisset</span> <span class='ocrx_word' id='word_1_487' title='bbox 2017 1549 2028 1566; x_wconf 88' lang='lat'>,</span> <span class='ocrx_word' id='word_1_488' title='bbox 2051 1527 2095 1561; x_wconf 75' lang='grc' dir='ltr'>δε</span> 
     </span>
     <span class='ocr_line' id='line_1_83' title="bbox 1145 1573 2093 1631; baseline 0.006 -21"><span class='ocrx_word' id='word_1_489' title='bbox 1145 1573 1255 1626; x_wconf 73' lang='lat' dir='ltr'>sparsi</span> <span class='ocrx_word' id='word_1_490' title='bbox 1265 1587 1332 1626; x_wconf 81' lang='lat' dir='ltr'>pei·</span> <span class='ocrx_word' id='word_1_491' title='bbox 1342 1577 1420 1613; x_wconf 58' lang='lat' dir='ltr'>vias</span> <span class='ocrx_word' id='word_1_492' title='bbox 1435 1575 1800 1630; x_wconf 70' lang='lat' dir='ltr'>lpeculatoresftqui</span> <span class='ocrx_word' id='word_1_493' title='bbox 1807 1577 1949 1631; x_wconf 79' lang='lat' dir='ltr'>legiones</span> <span class='ocrx_word' id='word_1_494' title='bbox 1957 1581 2093 1616; x_wconf 73' lang='lat' dir='ltr'>Samni-</span> 
     </span>
     <span class='ocr_line' id='line_1_84' title="bbox 1147 1628 2094 1685; baseline 0.005 -19"><span class='ocrx_word' id='word_1_495' title='bbox 1147 1632 1387 1672; x_wconf 71' lang='lat' dir='ltr'>tiummectam</span> <span class='ocrx_word' id='word_1_496' title='bbox 1389 1628 1694 1683; x_wconf 69' lang='lat' dir='ltr'>proculabeffe,alii</span> <span class='ocrx_word' id='word_1_497' title='bbox 1704 1640 1741 1669; x_wconf 88' lang='lat' dir='ltr'>iu</span> <span class='ocrx_word' id='word_1_498' title='bbox 1747 1637 1916 1685; x_wconf 80' lang='lat' dir='ltr'>peralios</span> <span class='ocrx_word' id='word_1_499' title='bbox 1927 1637 2094 1671; x_wconf 87' lang='lat' dir='ltr'>nuncia-</span> 
     </span>
     <span class='ocr_line' id='line_1_85' title="bbox 1146 1683 2093 1740; baseline 0.005 -19"><span class='ocrx_word' id='word_1_500' title='bbox 1146 1696 1258 1729; x_wconf 86' lang='lat' dir='ltr'>rent,</span> <span class='ocrx_word' id='word_1_501' title='bbox 1273 1683 1434 1722; x_wconf 89' lang='lat' dir='ltr'>obuiam</span> <span class='ocrx_word' id='word_1_502' title='bbox 1451 1687 1551 1722; x_wconf 89' lang='lat' dir='ltr'>itum</span> <span class='ocrx_word' id='word_1_503' title='bbox 1567 1686 1665 1724; x_wconf 86' lang='lat' dir='ltr'>hosti</span> <span class='ocrx_word' id='word_1_504' title='bbox 1677 1714 1687 1731; x_wconf 88' lang='lat'><em>‚</em></span> <span class='ocrx_word' id='word_1_505' title='bbox 1704 1699 1827 1740; x_wconf 91' lang='lat' dir='ltr'>atque</span> <span class='ocrx_word' id='word_1_506' title='bbox 1841 1688 1891 1725; x_wconf 89' lang='lat' dir='ltr'>ad</span> <span class='ocrx_word' id='word_1_507' title='bbox 1908 1688 2093 1726; x_wconf 88' lang='lat' dir='ltr'>Lautulas</span> 
     </span>
     <span class='ocr_line' id='line_1_86' title="bbox 1147 1739 2096 1792; baseline 0.005 -15"><span class='ocrx_word' id='word_1_508' title='bbox 1147 1743 1308 1792; x_wconf 85' lang='lat' dir='ltr'>ancipiti</span> <span class='ocrx_word' id='word_1_509' title='bbox 1319 1741 1448 1792; x_wconf 87' lang='lat' dir='ltr'>praelio</span> <span class='ocrx_word' id='word_1_510' title='bbox 1459 1739 1692 1779; x_wconf 87' lang='lat' dir='ltr'>dimicatum</span> <span class='ocrx_word' id='word_1_511' title='bbox 1701 1742 1766 1780; x_wconf 86' lang='lat' dir='ltr'>est.</span> <span class='ocrx_word' id='word_1_512' title='bbox 1777 1756 1858 1780; x_wconf 90' lang='lat' dir='ltr'>non</span> <span class='ocrx_word' id='word_1_513' title='bbox 1869 1743 2096 1788; x_wconf 81' lang='lat' dir='ltr'>caedes‚non</span> 
     </span>
     <span class='ocr_line' id='line_1_87' title="bbox 1146 1791 2097 1848; baseline 0.004 -16"><span class='ocrx_word' id='word_1_514' title='bbox 1146 1791 1239 1848; x_wconf 88' lang='lat' dir='ltr'>fuga</span> <span class='ocrx_word' id='word_1_515' title='bbox 1248 1795 1408 1833; x_wconf 87' lang='lat' dir='ltr'>alterius</span> <span class='ocrx_word' id='word_1_516' title='bbox 1418 1799 1556 1848; x_wconf 87' lang='lat' dir='ltr'>partis,</span> <span class='ocrx_word' id='word_1_517' title='bbox 1572 1796 2024 1843; x_wconf 65' lang='lat' dir='ltr'>sednoxincertosvicii,</span> <span class='ocrx_word' id='word_1_518' title='bbox 2039 1803 2097 1836; x_wconf 80' lang='lat' dir='ltr'>vi—</span> 
     </span>
     <span class='ocr_line' id='line_1_88' title="bbox 1148 1848 2097 1906; baseline 0.004 -18"><span class='ocrx_word' id='word_1_519' title='bbox 1148 1848 1652 1895; x_wconf 67' lang='lat' dir='ltr'>&amp;oresneess&#39;ent,diremit.</span> <span class='ocrx_word' id='word_1_520' title='bbox 1686 1852 2097 1906; x_wconf 76' lang='lat' dir='ltr'>Inuenioapudquos-</span> 
     </span>
     <span class='ocr_line' id='line_1_89' title="bbox 1149 1904 2096 1961; baseline 0.004 -18"><span class='ocrx_word' id='word_1_521' title='bbox 1149 1904 1240 1944; x_wconf 87' lang='lat' dir='ltr'>dam</span> <span class='ocrx_word' id='word_1_522' title='bbox 1257 1906 1460 1945; x_wconf 83' lang='lat' dir='ltr'>aduersam</span> <span class='ocrx_word' id='word_1_523' title='bbox 1476 1920 1565 1946; x_wconf 89' lang='lat' dir='ltr'>eam</span> <span class='ocrx_word' id='word_1_524' title='bbox 1581 1921 1752 1961; x_wconf 84' lang='lat' dir='ltr'>pugnam</span> <span class='ocrx_word' id='word_1_525' title='bbox 1765 1910 1955 1946; x_wconf 81' lang='lat' dir='ltr'>Romanis</span> <span class='ocrx_word' id='word_1_526' title='bbox 1971 1909 2096 1953; x_wconf 81' lang='lat' dir='ltr'>fuisse,</span> 
     </span>
     <span class='ocr_line' id='line_1_90' title="bbox 1148 1961 2098 2017; baseline 0.005 -19"><span class='ocrx_word' id='word_1_527' title='bbox 1148 1965 1319 2013; x_wconf 87' lang='lat' dir='ltr'>atquein</span> <span class='ocrx_word' id='word_1_528' title='bbox 1330 1975 1375 2000; x_wconf 89' lang='lat' dir='ltr'>ea</span> <span class='ocrx_word' id='word_1_529' title='bbox 1385 1961 1567 2001; x_wconf 83' lang='lat' dir='ltr'>cecidisse</span> <span class='ocrx_word' id='word_1_530' title='bbox 1584 1964 1640 2011; x_wconf 90' lang='lat' dir='ltr'>Q.</span> <span class='ocrx_word' id='word_1_531' title='bbox 1652 1963 1862 2002; x_wconf 85' lang='lat' dir='ltr'>AEmilium</span> <span class='ocrx_word' id='word_1_532' title='bbox 1872 1963 2098 2017; x_wconf 87' lang='lat' dir='ltr'>magistrum</span> 
     </span>
     <span class='ocr_line' id='line_1_91' title="bbox 1149 2015 2097 2069; baseline 0.005 -16"><span class='ocrx_word' id='word_1_533' title='bbox 1149 2020 1344 2069; x_wconf 85' lang='lat' dir='ltr'>equitum.</span> <span class='ocrx_word' id='word_1_534' title='bbox 1376 2015 1568 2057; x_wconf 66' lang='lat' dir='ltr'>Suffeetus</span> <span class='ocrx_word' id='word_1_535' title='bbox 1584 2022 1624 2060; x_wconf 84' lang='lat' dir='ltr'>in</span> <span class='ocrx_word' id='word_1_536' title='bbox 1641 2020 1774 2057; x_wconf 89' lang='lat' dir='ltr'>locum</span> <span class='ocrx_word' id='word_1_537' title='bbox 1797 2019 1945 2058; x_wconf 82' lang='lat' dir='ltr'>AEmilii</span> <span class='ocrx_word' id='word_1_538' title='bbox 1970 2018 2097 2058; x_wconf 76' lang='lat' dir='ltr'>GFa-</span> 
     </span>
     <span class='ocr_line' id='line_1_92' title="bbox 1151 2072 2099 2126; baseline 0.004 -16"><span class='ocrx_word' id='word_1_539' title='bbox 1151 2072 1236 2110; x_wconf 87' lang='lat' dir='ltr'>bius</span> <span class='ocrx_word' id='word_1_540' title='bbox 1246 2072 1617 2126; x_wconf 79' lang='lat' dir='ltr'>magisterequituni</span> <span class='ocrx_word' id='word_1_541' title='bbox 1629 2087 1718 2112; x_wconf 88' lang='lat' dir='ltr'>cum</span> <span class='ocrx_word' id='word_1_542' title='bbox 1739 2078 1912 2113; x_wconf 80' lang='lat' dir='ltr'>exercitu</span> <span class='ocrx_word' id='word_1_543' title='bbox 1928 2088 2036 2113; x_wconf 88' lang='lat' dir='ltr'>nouo</span> <span class='ocrx_word' id='word_1_544' title='bbox 2050 2074 2099 2114; x_wconf 89' lang='lat' dir='ltr'>ab</span> 
     </span>
     <span class='ocr_line' id='line_1_93' title="bbox 1150 2127 2098 2187; baseline 0.003 -21"><span class='ocrx_word' id='word_1_545' title='bbox 1150 2127 1283 2187; x_wconf 82' lang='lat' dir='ltr'>Roma</span> <span class='ocrx_word' id='word_1_546' title='bbox 1304 2128 1469 2167; x_wconf 87' lang='lat' dir='ltr'>aduenit</span> <span class='ocrx_word' id='word_1_547' title='bbox 1495 2143 1503 2165; x_wconf 92' lang='lat'>:</span> <span class='ocrx_word' id='word_1_548' title='bbox 1546 2134 1586 2168; x_wconf 86' lang='lat'>&amp;</span> <span class='ocrx_word' id='word_1_549' title='bbox 1609 2143 1679 2183; x_wconf 88' lang='lat' dir='ltr'>per</span> <span class='ocrx_word' id='word_1_550' title='bbox 1700 2128 1904 2183; x_wconf 70' lang='lat' dir='ltr'>praemissos</span> <span class='ocrx_word' id='word_1_551' title='bbox 1930 2135 2098 2169; x_wconf 86' lang='lat' dir='ltr'>nuncios</span> 
     </span>
     <span class='ocr_line' id='line_1_94' title="bbox 1151 2184 2098 2238; baseline 0.001 -16"><span class='ocrx_word' id='word_1_552' title='bbox 1151 2184 1331 2222; x_wconf 79' lang='lat' dir='ltr'>coniulto</span> <span class='ocrx_word' id='word_1_553' title='bbox 1356 2184 1548 2223; x_wconf 60' lang='lat' dir='ltr'>dictatore</span> <span class='ocrx_word' id='word_1_554' title='bbox 1566 2213 1576 2230; x_wconf 91' lang='lat'>‚</span> <span class='ocrx_word' id='word_1_555' title='bbox 1601 2186 1665 2223; x_wconf 89' lang='lat' dir='ltr'>vbi</span> <span class='ocrx_word' id='word_1_556' title='bbox 1687 2184 1904 2224; x_wconf 79' lang='lat' dir='ltr'>sublisteret</span> <span class='ocrx_word' id='word_1_557' title='bbox 1920 2212 1929 2230; x_wconf 86' lang='lat'>,</span> <span class='ocrx_word' id='word_1_558' title='bbox 1962 2199 2098 2238; x_wconf 88' lang='lat' dir='ltr'>quoue</span> 
     </span>
     <span class='ocr_line' id='line_1_95' title="bbox 1152 2240 2100 2295; baseline 0.001 -17"><span class='ocrx_word' id='word_1_559' title='bbox 1152 2251 1332 2292; x_wconf 87' lang='lat' dir='ltr'>tempore</span> <span class='ocrx_word' id='word_1_560' title='bbox 1343 2267 1352 2283; x_wconf 91' lang='lat'>‚</span> <span class='ocrx_word' id='word_1_561' title='bbox 1369 2244 1406 2278; x_wconf 85' lang='lat'>&amp;</span> <span class='ocrx_word' id='word_1_562' title='bbox 1419 2254 1496 2293; x_wconf 85' lang='lat' dir='ltr'>qua</span> <span class='ocrx_word' id='word_1_563' title='bbox 1511 2253 1558 2279; x_wconf 87' lang='lat' dir='ltr'>ex</span> <span class='ocrx_word' id='word_1_564' title='bbox 1572 2254 1684 2294; x_wconf 86' lang='lat' dir='ltr'>parte</span> <span class='ocrx_word' id='word_1_565' title='bbox 1696 2240 1849 2279; x_wconf 86' lang='lat' dir='ltr'>hostem</span> <span class='ocrx_word' id='word_1_566' title='bbox 1865 2241 2100 2295; x_wconf 77' lang='lat' dir='ltr'>aggredere—</span> 
     </span>
     <span class='ocr_line' id='line_1_96' title="bbox 1153 2294 2100 2350; baseline 0.003 -18"><span class='ocrx_word' id='word_1_567' title='bbox 1153 2307 1234 2339; x_wconf 76' lang='lat' dir='ltr'>tur,</span> <span class='ocrx_word' id='word_1_568' title='bbox 1256 2294 1443 2339; x_wconf 75' lang='lat' dir='ltr'>substitit,</span> <span class='ocrx_word' id='word_1_569' title='bbox 1459 2297 1640 2334; x_wconf 88' lang='lat' dir='ltr'>occultus</span> <span class='ocrx_word' id='word_1_570' title='bbox 1657 2296 1850 2335; x_wconf 80' lang='lat' dir='ltr'>adomnia</span> <span class='ocrx_word' id='word_1_571' title='bbox 1865 2299 1951 2336; x_wconf 86' lang='lat' dir='ltr'>satis</span> <span class='ocrx_word' id='word_1_572' title='bbox 1961 2298 2100 2350; x_wconf 85' lang='lat' dir='ltr'>explo-</span> 
     </span>
     <span class='ocr_line' id='line_1_97' title="bbox 1151 2349 2266 2407; baseline 0.003 -20"><span class='ocrx_word' id='word_1_573' title='bbox 1151 2354 1243 2388; x_wconf 89' lang='lat' dir='ltr'>ratis</span> <span class='ocrx_word' id='word_1_574' title='bbox 1265 2349 1443 2389; x_wconf 81' lang='lat' dir='ltr'>confiliis.</span> <span class='ocrx_word' id='word_1_575' title='bbox 1500 2352 1683 2391; x_wconf 70' lang='lat' dir='ltr'>Diecator</span> <span class='ocrx_word' id='word_1_576' title='bbox 1706 2366 1829 2405; x_wconf 89' lang='lat' dir='ltr'>quum</span> <span class='ocrx_word' id='word_1_577' title='bbox 1851 2366 1920 2407; x_wconf 89' lang='lat' dir='ltr'>per</span> <span class='ocrx_word' id='word_1_578' title='bbox 1945 2353 2100 2406; x_wconf 77' lang='lat' dir='ltr'>aliquot</span> <span class='ocrx_word' id='word_1_579' title='bbox 2113 2359 2266 2392; x_wconf 68' lang='lat' dir='ltr'>Dic‘laroris</span> 
     </span>
     <span class='ocr_line' id='line_1_98' title="bbox 1153 2406 2264 2460; baseline 0.004 -17"><span class='ocrx_word' id='word_1_580' title='bbox 1153 2406 1236 2444; x_wconf 90' lang='lat' dir='ltr'>dies</span> <span class='ocrx_word' id='word_1_581' title='bbox 1256 2406 1342 2460; x_wconf 90' lang='lat' dir='ltr'>post</span> <span class='ocrx_word' id='word_1_582' title='bbox 1352 2419 1523 2459; x_wconf 81' lang='lat' dir='ltr'>pugnam</span> <span class='ocrx_word' id='word_1_583' title='bbox 1535 2408 1789 2447; x_wconf 80' lang='lat' dir='ltr'>continuisset</span> <span class='ocrx_word' id='word_1_584' title='bbox 1802 2409 1886 2447; x_wconf 88' lang='lat' dir='ltr'>suos</span> <span class='ocrx_word' id='word_1_585' title='bbox 1900 2411 2004 2446; x_wconf 88' lang='lat' dir='ltr'>intra</span> <span class='ocrx_word' id='word_1_586' title='bbox 2018 2409 2100 2446; x_wconf 76' lang='lat' dir='ltr'>val·</span> <span class='ocrx_word' id='word_1_587' title='bbox 2110 2408 2148 2440; x_wconf 83' lang='lat' dir='ltr'>ad</span> <span class='ocrx_word' id='word_1_588' title='bbox 2160 2409 2264 2440; x_wconf 66' lang='lat' dir='ltr'>milim</span> 
     </span>
     <span class='ocr_line' id='line_1_99' title="bbox 1152 2457 2216 2516; baseline 0.006 -18"><span class='ocrx_word' id='word_1_589' title='bbox 1152 2463 1234 2498; x_wconf 94' lang='lat' dir='ltr'>lum</span> <span class='ocrx_word' id='word_1_590' title='bbox 1252 2489 1263 2506; x_wconf 89' lang='lat'>,</span> <span class='ocrx_word' id='word_1_591' title='bbox 1288 2460 1423 2499; x_wconf 86' lang='lat' dir='ltr'>obleffi</span> <span class='ocrx_word' id='word_1_592' title='bbox 1441 2465 1560 2514; x_wconf 86' lang='lat' dir='ltr'>magis</span> <span class='ocrx_word' id='word_1_593' title='bbox 1576 2476 1697 2516; x_wconf 87' lang='lat' dir='ltr'>quam</span> <span class='ocrx_word' id='word_1_594' title='bbox 1717 2462 1931 2503; x_wconf 81' lang='lat' dir='ltr'>obsidentis</span> <span class='ocrx_word' id='word_1_595' title='bbox 1948 2463 2071 2503; x_wconf 90' lang='lat' dir='ltr'>modo</span> <span class='ocrx_word' id='word_1_596' title='bbox 2087 2491 2099 2510; x_wconf 84' lang='lat'>‚</span> <span class='ocrx_word' id='word_1_597' title='bbox 2114 2457 2216 2490; x_wconf 56' lang='lat' dir='ltr'>mm·</span> 
     </span>
     <span class='ocr_line' id='line_1_100' title="bbox 1154 2516 2100 2571; baseline 0.004 -17"><span class='ocrx_word' id='word_1_598' title='bbox 1154 2516 1302 2569; x_wconf 81' lang='lat' dir='ltr'>iignum</span> <span class='ocrx_word' id='word_1_599' title='bbox 1315 2528 1484 2570; x_wconf 87' lang='lat' dir='ltr'>repente</span> <span class='ocrx_word' id='word_1_600' title='bbox 1499 2531 1637 2570; x_wconf 85' lang='lat' dir='ltr'>pugnae</span> <span class='ocrx_word' id='word_1_601' title='bbox 1660 2519 1858 2571; x_wconf 85' lang='lat' dir='ltr'>proposuit</span> <span class='ocrx_word' id='word_1_602' title='bbox 1874 2547 1884 2564; x_wconf 92' lang='lat'>,</span> <span class='ocrx_word' id='word_1_603' title='bbox 1913 2525 1949 2558; x_wconf 87' lang='lat'>&amp;</span> <span class='ocrx_word' id='word_1_604' title='bbox 1968 2519 2100 2558; x_wconf 79' lang='lat' dir='ltr'>effica-</span> 
     </span>
    </p>

    <p class='ocr_par' dir='ltr' id='par_1_12' title="bbox 1154 2572 2105 2684">
     <span class='ocr_line' id='line_1_101' title="bbox 1156 2572 2105 2614; baseline 0.006 -6"><span class='ocrx_word' id='word_1_605' title='bbox 1156 2576 1237 2610; x_wconf 88' lang='lat' dir='ltr'>cius</span> <span class='ocrx_word' id='word_1_606' title='bbox 1255 2584 1360 2609; x_wconf 88' lang='lat' dir='ltr'>ratus</span> <span class='ocrx_word' id='word_1_607' title='bbox 1382 2572 1431 2609; x_wconf 89' lang='lat' dir='ltr'>ad</span> <span class='ocrx_word' id='word_1_608' title='bbox 1445 2573 1728 2612; x_wconf 85' lang='lat' dir='ltr'>accendendos</span> <span class='ocrx_word' id='word_1_609' title='bbox 1749 2578 1920 2613; x_wconf 79' lang='lat' dir='ltr'>virorum</span> <span class='ocrx_word' id='word_1_610' title='bbox 1940 2572 2105 2614; x_wconf 82' lang='lat' dir='ltr'>fortium</span> 
     </span>
     <span class='ocr_line' id='line_1_102' title="bbox 1154 2627 2103 2684; baseline 0.002 -19"><span class='ocrx_word' id='word_1_611' title='bbox 1154 2631 1305 2666; x_wconf 88' lang='lat' dir='ltr'>animos</span> <span class='ocrx_word' id='word_1_612' title='bbox 1315 2655 1325 2672; x_wconf 85' lang='grc'>,</span> <span class='ocrx_word' id='word_1_613' title='bbox 1341 2627 1492 2665; x_wconf 84' lang='lat' dir='ltr'>nullam</span> <span class='ocrx_word' id='word_1_614' title='bbox 1503 2628 1614 2673; x_wconf 84' lang='lat' dir='ltr'>alibi,</span> <span class='ocrx_word' id='word_1_615' title='bbox 1632 2643 1798 2681; x_wconf 85' lang='lat' dir='ltr'>quamin</span> <span class='ocrx_word' id='word_1_616' title='bbox 1807 2630 2009 2684; x_wconf 85' lang='lat' dir='ltr'>semetipso</span> <span class='ocrx_word' id='word_1_617' title='bbox 2020 2635 2103 2669; x_wconf 85' lang='lat' dir='ltr'>cui—</span> 
     </span>
    </p>

    <p class='ocr_par' dir='ltr' id='par_1_13' title="bbox 1155 2683 2104 2791">
     <span class='ocr_line' id='line_1_103' title="bbox 1155 2683 2103 2739; baseline 0.004 -19"><span class='ocrx_word' id='word_1_618' title='bbox 1155 2696 1274 2737; x_wconf 89' lang='lat' dir='ltr'>quam</span> <span class='ocrx_word' id='word_1_619' title='bbox 1292 2683 1467 2721; x_wconf 68' lang='lat' dir='ltr'>reliCtam</span> <span class='ocrx_word' id='word_1_620' title='bbox 1483 2684 1587 2736; x_wconf 89' lang='lat' dir='ltr'>spem</span> <span class='ocrx_word' id='word_1_621' title='bbox 1604 2712 1614 2729; x_wconf 96' lang='lat'>,</span> <span class='ocrx_word' id='word_1_622' title='bbox 1632 2684 1683 2723; x_wconf 90' lang='lat' dir='ltr'>de</span> <span class='ocrx_word' id='word_1_623' title='bbox 1699 2685 1880 2737; x_wconf 84' lang='lat' dir='ltr'>magistro</span> <span class='ocrx_word' id='word_1_624' title='bbox 1903 2690 2103 2739; x_wconf 80' lang='lat' dir='ltr'>equiturn,</span> 
     </span>
     <span class='ocr_line' id='line_1_104' title="bbox 1156 2741 2104 2791; baseline 0.004 -14"><span class='ocrx_word' id='word_1_625' title='bbox 1156 2751 1346 2791; x_wconf 89' lang='lat' dir='ltr'>nouoque</span> <span class='ocrx_word' id='word_1_626' title='bbox 1364 2743 1541 2777; x_wconf 86' lang='lat' dir='ltr'>exercitu</span> <span class='ocrx_word' id='word_1_627' title='bbox 1565 2741 1736 2779; x_wconf 89' lang='lat' dir='ltr'>militem</span> <span class='ocrx_word' id='word_1_628' title='bbox 1752 2742 1899 2780; x_wconf 82' lang='lat' dir='ltr'>celauit</span> <span class='ocrx_word' id='word_1_629' title='bbox 1917 2757 1927 2781; x_wconf 64' lang='grc' dir='ltr'><strong>ς</strong></span> <span class='ocrx_word' id='word_1_630' title='bbox 1957 2747 1996 2781; x_wconf 75' lang='grc' dir='ltr'>δε</span> <span class='ocrx_word' id='word_1_631' title='bbox 2013 2755 2104 2781; x_wconf 85' lang='lat' dir='ltr'>tan-</span> 
     </span>
    </p>

    <p class='ocr_par' dir='ltr' id='par_1_14' title="bbox 1155 2793 2103 2850">
     <span class='ocr_line' id='line_1_105' title="bbox 1155 2793 2103 2850; baseline 0.005 -18"><span class='ocrx_word' id='word_1_632' title='bbox 1155 2808 1274 2849; x_wconf 87' lang='lat' dir='ltr'>quam</span> <span class='ocrx_word' id='word_1_633' title='bbox 1287 2794 1417 2839; x_wconf 87' lang='lat' dir='ltr'>nulla,</span> <span class='ocrx_word' id='word_1_634' title='bbox 1439 2793 1507 2832; x_wconf 82' lang='lat' dir='ltr'>nili</span> <span class='ocrx_word' id='word_1_635' title='bbox 1522 2798 1560 2832; x_wconf 91' lang='lat' dir='ltr'>in</span> <span class='ocrx_word' id='word_1_636' title='bbox 1580 2800 1788 2848; x_wconf 88' lang='lat' dir='ltr'>eruptione</span> <span class='ocrx_word' id='word_1_637' title='bbox 1802 2797 1883 2850; x_wconf 88' lang='lat' dir='ltr'>spes</span> <span class='ocrx_word' id='word_1_638' title='bbox 1895 2797 2012 2835; x_wconf 78' lang='lat' dir='ltr'>ellet:</span> <span class='ocrx_word' id='word_1_639' title='bbox 2032 2806 2103 2837; x_wconf 83' lang='lat' dir='ltr'>Lo·</span> 
     </span>
    </p>

    <p class='ocr_par' dir='ltr' id='par_1_15' title="bbox 1155 2851 2109 2908">
     <span class='ocr_line' id='line_1_106' title="bbox 1155 2851 2109 2908; baseline 0.007 -23"><span class='ocrx_word' id='word_1_640' title='bbox 1155 2852 1201 2889; x_wconf 58' lang='lat' dir='ltr'>cta·</span> <span class='ocrx_word' id='word_1_641' title='bbox 1216 2878 1227 2895; x_wconf 85' lang='lat'>,</span> <span class='ocrx_word' id='word_1_642' title='bbox 1250 2853 1380 2902; x_wconf 89' lang='lat' dir='ltr'>inquit</span> <span class='ocrx_word' id='word_1_643' title='bbox 1398 2877 1408 2894; x_wconf 87' lang='lat'>‚</span> <span class='ocrx_word' id='word_1_644' title='bbox 1429 2851 1578 2904; x_wconf 77' lang='lat' dir='ltr'>angustis</span> <span class='ocrx_word' id='word_1_645' title='bbox 1590 2878 1602 2894; x_wconf 91' lang='lat'><strong><em>,</em></strong></span> <span class='ocrx_word' id='word_1_646' title='bbox 1617 2853 1743 2891; x_wconf 82' lang='lat' dir='ltr'>milites</span> <span class='ocrx_word' id='word_1_647' title='bbox 1756 2880 1768 2896; x_wconf 90' lang='lat'><em>‚</em></span> <span class='ocrx_word' id='word_1_648' title='bbox 1788 2851 1983 2908; x_wconf 75' lang='lat' dir='ltr'>deprehensi</span> <span class='ocrx_word' id='word_1_649' title='bbox 1998 2869 2009 2890; x_wconf 89' lang='lat'><em>:</em></span> <span class='ocrx_word' id='word_1_650' title='bbox 2039 2852 2109 2906; x_wconf 71' lang='lat' dir='ltr'>nisi</span> 
     </span>
    </p>

    <p class='ocr_par' dir='ltr' id='par_1_16' title="bbox 1154 2906 2102 2961">
     <span class='ocr_line' id='line_1_107' title="bbox 1154 2906 2102 2961; baseline 0.002 -16"><span class='ocrx_word' id='word_1_651' title='bbox 1154 2921 1258 2961; x_wconf 82' lang='lat' dir='ltr'>quam</span> <span class='ocrx_word' id='word_1_652' title='bbox 1273 2908 1422 2944; x_wconf 60' lang='lat' dir='ltr'>vichrt&#39;a</span> <span class='ocrx_word' id='word_1_653' title='bbox 1436 2906 1696 2960; x_wconf 69' lang='lat' dir='ltr'>pataey‘ecerimm</span> <span class='ocrx_word' id='word_1_654' title='bbox 1710 2935 1720 2951; x_wconf 89' lang='lat'><em>‚</em></span> <span class='ocrx_word' id='word_1_655' title='bbox 1743 2912 1842 2946; x_wconf 79' lang='lat' dir='ltr'>viam</span> <span class='ocrx_word' id='word_1_656' title='bbox 1860 2910 1988 2947; x_wconf 70' lang='lat' dir='ltr'>nullam</span> <span class='ocrx_word' id='word_1_657' title='bbox 2003 2907 2102 2947; x_wconf 60' lang='lat' dir='ltr'>habe»</span> 
     </span>
    </p>

    <p class='ocr_par' dir='ltr' id='par_1_17' title="bbox 1157 2962 2107 3018">
     <span class='ocr_line' id='line_1_108' title="bbox 1157 2962 2107 3018; baseline 0.005 -20"><span class='ocrx_word' id='word_1_658' title='bbox 1157 2977 1233 3001; x_wconf 73' lang='lat' dir='ltr'>mus</span> <span class='ocrx_word' id='word_1_659' title='bbox 1246 2989 1257 3005; x_wconf 86' lang='lat'><em>‚</em></span> <span class='ocrx_word' id='word_1_660' title='bbox 1263 2963 1394 3014; x_wconf 76' lang='lat' dir='ltr'>statiua</span> <span class='ocrx_word' id='word_1_661' title='bbox 1406 2962 1520 3013; x_wconf 80' lang='lat' dir='ltr'>nostra</span> <span class='ocrx_word' id='word_1_662' title='bbox 1535 2967 1749 3002; x_wconf 77' lang='lat' dir='ltr'>munimento</span> <span class='ocrx_word' id='word_1_663' title='bbox 1754 2962 1841 3016; x_wconf 68' lang='lat' dir='ltr'>stztb&#39;s</span> <span class='ocrx_word' id='word_1_664' title='bbox 1855 2976 1932 3002; x_wconf 87' lang='lat' dir='ltr'>tuta</span> <span class='ocrx_word' id='word_1_665' title='bbox 1932 2963 2037 3018; x_wconf 70' lang='lat' dir='ltr'>sitm,</span> <span class='ocrx_word' id='word_1_666' title='bbox 2041 2963 2107 3016; x_wconf 76' lang='lat' dir='ltr'>ſsd</span> 
     </span>
    </p>
   </div>
   <div class='ocr_carea' id='block_1_10' title="bbox 2123 1183 2251 1224">
    <p class='ocr_par' dir='ltr' id='par_1_18' title="bbox 2123 1183 2251 1224">
     <span class='ocr_line' id='line_1_109' title="bbox 2123 1183 2251 1224; baseline 0 -3"><span class='ocrx_word' id='word_1_667' title='bbox 2123 1183 2251 1224; x_wconf 61' lang='lat' dir='ltr'>xxiii.x</span> 
     </span>
    </p>
   </div>
   <div class='ocr_carea' id='block_1_11' title="bbox 162 3016 2106 3246">
    <p class='ocr_par' dir='ltr' id='par_1_19' title="bbox 162 3016 2106 3246">
     <span class='ocr_line' id='line_1_110' title="bbox 163 3016 2104 3080; baseline -0.003 -14"><span class='ocrx_word' id='word_1_668' title='bbox 163 3031 271 3066; x_wconf 89' lang='lat' dir='ltr'>nime</span> <span class='ocrx_word' id='word_1_669' title='bbox 282 3027 478 3080; x_wconf 86' lang='lat' dir='ltr'>pertinaci</span> <span class='ocrx_word' id='word_1_670' title='bbox 490 3035 636 3077; x_wconf 82' lang='lat' dir='ltr'>genere</span> <span class='ocrx_word' id='word_1_671' title='bbox 649 3034 789 3073; x_wconf 86' lang='lat' dir='ltr'>pugnae</span> <span class='ocrx_word' id='word_1_672' title='bbox 801 3019 852 3058; x_wconf 88' lang='lat' dir='ltr'>sic</span> <span class='ocrx_word' id='word_1_673' title='bbox 868 3016 1031 3057; x_wconf 84' lang='lat' dir='ltr'>fortuna</span> <span class='ocrx_word' id='word_1_674' title='bbox 1047 3031 1113 3057; x_wconf 87' lang='lat' dir='ltr'>ex-</span> <span class='ocrx_word' id='word_1_675' title='bbox 1156 3022 1268 3073; x_wconf 72' lang='lat' dir='ltr'>inopia</span> <span class='ocrx_word' id='word_1_676' title='bbox 1276 3017 1390 3055; x_wconf 81' lang='lat' dir='ltr'>eadem</span> <span class='ocrx_word' id='word_1_677' title='bbox 1397 3017 1527 3070; x_wconf 79' lang='lat' dir='ltr'>infesta.</span> <span class='ocrx_word' id='word_1_678' title='bbox 1537 3032 1618 3056; x_wconf 83' lang='lat' dir='ltr'>nam</span> <span class='ocrx_word' id='word_1_679' title='bbox 1628 3019 1766 3063; x_wconf 72' lang='lat' dir='ltr'>&amp;circa</span> <span class='ocrx_word' id='word_1_680' title='bbox 1774 3023 1888 3058; x_wconf 82' lang='lat' dir='ltr'>omnia</span> <span class='ocrx_word' id='word_1_681' title='bbox 1896 3020 2104 3071; x_wconf 61' lang='lat' dir='ltr'>a&#39;cfi’cerunt,</span> 
     </span>
     <span class='ocr_line' id='line_1_111' title="bbox 165 3071 2106 3135; baseline -0.005 -14"><span class='ocrx_word' id='word_1_682' title='bbox 165 3085 292 3122; x_wconf 81' lang='lat' dir='ltr'>creuit</span> <span class='ocrx_word' id='word_1_683' title='bbox 301 3094 416 3135; x_wconf 89' lang='lat' dir='ltr'>opes,</span> <span class='ocrx_word' id='word_1_684' title='bbox 432 3092 475 3118; x_wconf 91' lang='lat' dir='ltr'>vt</span> <span class='ocrx_word' id='word_1_685' title='bbox 484 3077 639 3132; x_wconf 72' lang='lat' dir='ltr'>insignis</span> <span class='ocrx_word' id='word_1_686' title='bbox 648 3081 809 3129; x_wconf 81' lang='lat' dir='ltr'>vtrimq;</span> <span class='ocrx_word' id='word_1_687' title='bbox 820 3075 952 3114; x_wconf 86' lang='lat' dir='ltr'>clades</span> <span class='ocrx_word' id='word_1_688' title='bbox 963 3079 1022 3118; x_wconf 64' lang='grc' dir='ltr'>,δέ</span> <span class='ocrx_word' id='word_1_689' title='bbox 1034 3074 1113 3111; x_wconf 84' lang='lat' dir='ltr'>cla·</span> <span class='ocrx_word' id='word_1_690' title='bbox 1157 3074 1254 3113; x_wconf 76' lang='lat' dir='ltr'>vnde</span> <span class='ocrx_word' id='word_1_691' title='bbox 1263 3071 1406 3125; x_wconf 74' lang='lat' dir='ltr'>fhbuehi</span> <span class='ocrx_word' id='word_1_692' title='bbox 1423 3085 1629 3112; x_wconf 78' lang='lat' dir='ltr'>commeatus</span> <span class='ocrx_word' id='word_1_693' title='bbox 1643 3086 1806 3129; x_wconf 83' lang='lat' dir='ltr'>poterant</span> <span class='ocrx_word' id='word_1_694' title='bbox 1820 3092 1830 3111; x_wconf 91' lang='lat'><em>:</em></span> <span class='ocrx_word' id='word_1_695' title='bbox 1851 3075 1897 3119; x_wconf 57' lang='grc' dir='ltr'><strong><em>ὠ</em></strong></span> <span class='ocrx_word' id='word_1_696' title='bbox 1905 3074 2106 3127; x_wconf 78' lang='lat' dir='ltr'>Jihomt&#39;nes</span> 
     </span>
     <span class='ocr_line' id='line_1_112' title="bbox 162 3128 2104 3191; baseline -0.004 -16"><span class='ocrx_word' id='word_1_697' title='bbox 162 3151 204 3177; x_wconf 86' lang='lat' dir='ltr'>ra</span> <span class='ocrx_word' id='word_1_698' title='bbox 212 3137 382 3191; x_wconf 89' lang='lat' dir='ltr'>ipsorum</span> <span class='ocrx_word' id='word_1_699' title='bbox 391 3135 538 3175; x_wconf 87' lang='lat' dir='ltr'>ducum</span> <span class='ocrx_word' id='word_1_700' title='bbox 547 3133 686 3172; x_wconf 84' lang='lat' dir='ltr'>ederet</span> <span class='ocrx_word' id='word_1_701' title='bbox 696 3128 1114 3170; x_wconf 83' lang='lat' dir='ltr'>funera.PriorSanini-</span> <span class='ocrx_word' id='word_1_702' title='bbox 1158 3134 1273 3169; x_wconf 83' lang='lat' dir='ltr'>iuuare</span> <span class='ocrx_word' id='word_1_703' title='bbox 1288 3130 1403 3167; x_wconf 80' lang='lat' dir='ltr'>velint</span> <span class='ocrx_word' id='word_1_704' title='bbox 1415 3156 1426 3172; x_wconf 90' lang='lat'><em>,</em></span> <span class='ocrx_word' id='word_1_705' title='bbox 1448 3132 1568 3182; x_wconf 77' lang='lat' dir='ltr'>iniqua</span> <span class='ocrx_word' id='word_1_706' title='bbox 1582 3131 1650 3168; x_wconf 85' lang='lat' dir='ltr'>loca</span> <span class='ocrx_word' id='word_1_707' title='bbox 1659 3130 1755 3183; x_wconf 74' lang='lat' dir='ltr'>fimt.</span> <span class='ocrx_word' id='word_1_708' title='bbox 1800 3138 1923 3184; x_wconf 73' lang='lat' dir='ltr'>Itaque</span> <span class='ocrx_word' id='word_1_709' title='bbox 1941 3145 2009 3168; x_wconf 71' lang='lat' dir='ltr'>non</span> <span class='ocrx_word' id='word_1_710' title='bbox 2018 3130 2104 3182; x_wconf 48' lang='lat' dir='ltr'>fra*</span> 
     </span>
     <span class='ocr_line' id='line_1_113' title="bbox 164 3183 2104 3246; baseline -0.005 -14"><span class='ocrx_word' id='word_1_711' title='bbox 164 3196 488 3246; x_wconf 84' lang='lat' dir='ltr'>tiumimperator</span> <span class='ocrx_word' id='word_1_712' title='bbox 503 3203 602 3243; x_wconf 84' lang='lat' dir='ltr'>aegre</span> <span class='ocrx_word' id='word_1_713' title='bbox 611 3191 784 3242; x_wconf 86' lang='lat' dir='ltr'>patiens,</span> <span class='ocrx_word' id='word_1_714' title='bbox 800 3185 910 3240; x_wconf 91' lang='lat' dir='ltr'>quod</span> <span class='ocrx_word' id='word_1_715' title='bbox 920 3198 1000 3223; x_wconf 89' lang='lat' dir='ltr'>tam</span> <span class='ocrx_word' id='word_1_716' title='bbox 1010 3183 1114 3224; x_wconf 86' lang='lat' dir='ltr'>fero·</span> <span class='ocrx_word' id='word_1_717' title='bbox 1146 3184 1284 3239; x_wconf 83' lang='lat' dir='ltr'>strabor</span> <span class='ocrx_word' id='word_1_718' title='bbox 1298 3199 1355 3237; x_wconf 86' lang='lat' dir='ltr'>ego</span> <span class='ocrx_word' id='word_1_719' title='bbox 1369 3199 1433 3222; x_wconf 82' lang='lat' dir='ltr'>vos</span> <span class='ocrx_word' id='word_1_720' title='bbox 1447 3188 1549 3237; x_wconf 75' lang='lat' dir='ltr'>castra</span> <span class='ocrx_word' id='word_1_721' title='bbox 1561 3184 1616 3224; x_wconf 86' lang='lat' dir='ltr'>hic</span> <span class='ocrx_word' id='word_1_722' title='bbox 1630 3186 1869 3240; x_wconf 79' lang='lat' dir='ltr'>relinquendo,</span> <span class='ocrx_word' id='word_1_723' title='bbox 1882 3189 1919 3223; x_wconf 80' lang='lat' dir='ltr'>in</span> <span class='ocrx_word' id='word_1_724' title='bbox 1927 3200 1995 3238; x_wconf 74' lang='lat' dir='ltr'>quae</span> <span class='ocrx_word' id='word_1_725' title='bbox 2009 3185 2104 3237; x_wconf 74' lang='lat' dir='ltr'>infe·</span> 
     </span>
    </p>
   </div>
   <div class='ocr_carea' id='block_1_12' title="bbox 166 3240 1117 3353">
    <p class='ocr_par' dir='ltr' id='par_1_20' title="bbox 166 3240 1117 3353">
     <span class='ocr_line' id='line_1_114' title="bbox 167 3240 1117 3300; baseline -0.015 -12"><span class='ocrx_word' id='word_1_726' title='bbox 167 3252 265 3288; x_wconf 88' lang='lat' dir='ltr'>citer</span> <span class='ocrx_word' id='word_1_727' title='bbox 273 3244 535 3300; x_wconf 83' lang='lat' dir='ltr'>adequitaffet</span> <span class='ocrx_word' id='word_1_728' title='bbox 543 3273 554 3291; x_wconf 89' lang='lat'>‚</span> <span class='ocrx_word' id='word_1_729' title='bbox 571 3245 666 3284; x_wconf 87' lang='lat' dir='ltr'>inde</span> <span class='ocrx_word' id='word_1_730' title='bbox 676 3243 712 3281; x_wconf 91' lang='lat' dir='ltr'>se</span> <span class='ocrx_word' id='word_1_731' title='bbox 722 3240 834 3281; x_wconf 90' lang='lat' dir='ltr'>fundi</span> <span class='ocrx_word' id='word_1_732' title='bbox 845 3241 1048 3294; x_wconf 83' lang='lat' dir='ltr'>fugatique</span> <span class='ocrx_word' id='word_1_733' title='bbox 1057 3269 1068 3284; x_wconf 91' lang='lat'><em>‚</em></span> <span class='ocrx_word' id='word_1_734' title='bbox 1076 3256 1117 3279; x_wconf 91' lang='lat' dir='ltr'>o-</span> 
     </span>
     <span class='ocr_line' id='line_1_115' title="bbox 166 3298 1116 3353; baseline -0.009 -10"><span class='ocrx_word' id='word_1_735' title='bbox 166 3303 291 3343; x_wconf 81' lang='lat' dir='ltr'>tando</span> <span class='ocrx_word' id='word_1_736' title='bbox 301 3301 583 3353; x_wconf 88' lang='lat' dir='ltr'>hortandoque</span> <span class='ocrx_word' id='word_1_737' title='bbox 594 3303 750 3353; x_wconf 89' lang='lat' dir='ltr'>equites</span> <span class='ocrx_word' id='word_1_738' title='bbox 759 3298 936 3351; x_wconf 83' lang='lat' dir='ltr'>praelium</span> <span class='ocrx_word' id='word_1_739' title='bbox 944 3299 1116 3350; x_wconf 79' lang='lat' dir='ltr'>integra-</span> 
     </span>
    </p>
   </div>
   <div class='ocr_carea' id='block_1_13' title="bbox 168 3355 1116 3579">
    <p class='ocr_par' dir='ltr' id='par_1_21' title="bbox 168 3355 1116 3579">
     <span class='ocr_line' id='line_1_116' title="bbox 168 3355 1115 3412; baseline -0.007 -15"><span class='ocrx_word' id='word_1_740' title='bbox 168 3362 285 3398; x_wconf 87' lang='lat' dir='ltr'>uit.in</span> <span class='ocrx_word' id='word_1_741' title='bbox 295 3371 416 3412; x_wconf 89' lang='lat' dir='ltr'>quem</span> <span class='ocrx_word' id='word_1_742' title='bbox 428 3356 618 3409; x_wconf 83' lang='lat' dir='ltr'>insignem</span> <span class='ocrx_word' id='word_1_743' title='bbox 632 3358 737 3392; x_wconf 87' lang='lat' dir='ltr'>inter</span> <span class='ocrx_word' id='word_1_744' title='bbox 752 3355 838 3391; x_wconf 79' lang='lat' dir='ltr'>iuos</span> <span class='ocrx_word' id='word_1_745' title='bbox 855 3355 1028 3390; x_wconf 89' lang='lat' dir='ltr'>cientem</span> <span class='ocrx_word' id='word_1_746' title='bbox 1045 3366 1115 3405; x_wconf 89' lang='lat' dir='ltr'>pu-</span> 
     </span>
     <span class='ocr_line' id='line_1_117' title="bbox 169 3403 1114 3468; baseline -0.01 -14"><span class='ocrx_word' id='word_1_747' title='bbox 169 3413 485 3468; x_wconf 82' lang='lat' dir='ltr'>gnam,magister</span> <span class='ocrx_word' id='word_1_748' title='bbox 495 3415 677 3465; x_wconf 89' lang='lat' dir='ltr'>equitum</span> <span class='ocrx_word' id='word_1_749' title='bbox 686 3403 1036 3447; x_wconf 86' lang='lat' dir='ltr'>Romanusinfesta</span> <span class='ocrx_word' id='word_1_750' title='bbox 1047 3421 1114 3447; x_wconf 88' lang='lat' dir='ltr'>cu-</span> 
     </span>
     <span class='ocr_line' id='line_1_118' title="bbox 168 3463 1115 3524; baseline -0.007 -16"><span class='ocrx_word' id='word_1_751' title='bbox 168 3469 276 3524; x_wconf 80' lang='lat' dir='ltr'>spide</span> <span class='ocrx_word' id='word_1_752' title='bbox 291 3473 345 3509; x_wconf 87' lang='lat' dir='ltr'>ita</span> <span class='ocrx_word' id='word_1_753' title='bbox 360 3467 530 3523; x_wconf 78' lang='lat' dir='ltr'>permisit</span> <span class='ocrx_word' id='word_1_754' title='bbox 540 3478 688 3521; x_wconf 90' lang='lat' dir='ltr'>equum</span> <span class='ocrx_word' id='word_1_755' title='bbox 708 3492 719 3509; x_wconf 92' lang='lat'>‚</span> <span class='ocrx_word' id='word_1_756' title='bbox 752 3475 793 3502; x_wconf 91' lang='lat' dir='ltr'>vt</span> <span class='ocrx_word' id='word_1_757' title='bbox 804 3476 882 3501; x_wconf 92' lang='lat' dir='ltr'>vno</span> <span class='ocrx_word' id='word_1_758' title='bbox 896 3463 974 3501; x_wconf 67' lang='lat' dir='ltr'>iel-u</span> <span class='ocrx_word' id='word_1_759' title='bbox 984 3467 1115 3501; x_wconf 88' lang='lat' dir='ltr'>exani—</span> 
     </span>
     <span class='ocr_line' id='line_1_119' title="bbox 171 3516 1116 3579; baseline -0.007 -17"><span class='ocrx_word' id='word_1_760' title='bbox 171 3538 278 3563; x_wconf 87' lang='lat' dir='ltr'>mem</span> <span class='ocrx_word' id='word_1_761' title='bbox 292 3538 397 3579; x_wconf 90' lang='lat' dir='ltr'>equo</span> <span class='ocrx_word' id='word_1_762' title='bbox 407 3527 686 3578; x_wconf 71' lang='lat' dir='ltr'>praecipitaret:</span> <span class='ocrx_word' id='word_1_763' title='bbox 701 3533 778 3558; x_wconf 90' lang='lat' dir='ltr'>nec</span> <span class='ocrx_word' id='word_1_764' title='bbox 788 3547 800 3564; x_wconf 81' lang='lat'>‚</span> <span class='ocrx_word' id='word_1_765' title='bbox 813 3531 856 3557; x_wconf 93' lang='lat' dir='ltr'>vt</span> <span class='ocrx_word' id='word_1_766' title='bbox 866 3516 909 3557; x_wconf 91' lang='lat' dir='ltr'>fit</span> <span class='ocrx_word' id='word_1_767' title='bbox 918 3546 928 3563; x_wconf 94' lang='lat'><em>‚</em></span> <span class='ocrx_word' id='word_1_768' title='bbox 945 3517 995 3556; x_wconf 87' lang='lat' dir='ltr'>ad</span> <span class='ocrx_word' id='word_1_769' title='bbox 1006 3517 1116 3556; x_wconf 84' lang='lat' dir='ltr'>ducis</span> 
     </span>
    </p>
   </div>
   <div class='ocr_carea' id='block_1_14' title="bbox 173 3572 1117 3633">
    <p class='ocr_par' dir='ltr' id='par_1_22' title="bbox 173 3572 1117 3633">
     <span class='ocr_line' id='line_1_120' title="bbox 173 3572 1117 3633; baseline -0.007 -16"><span class='ocrx_word' id='word_1_770' title='bbox 173 3580 303 3619; x_wconf 87' lang='lat' dir='ltr'>casum</span> <span class='ocrx_word' id='word_1_771' title='bbox 316 3580 491 3633; x_wconf 88' lang='lat' dir='ltr'>perculsa</span> <span class='ocrx_word' id='word_1_772' title='bbox 500 3582 622 3633; x_wconf 85' lang='lat' dir='ltr'>magis</span> <span class='ocrx_word' id='word_1_773' title='bbox 639 3604 650 3621; x_wconf 88' lang='lat'>‚</span> <span class='ocrx_word' id='word_1_774' title='bbox 667 3577 943 3630; x_wconf 86' lang='lat' dir='ltr'>quamirritata</span> <span class='ocrx_word' id='word_1_775' title='bbox 952 3572 1006 3611; x_wconf 88' lang='lat' dir='ltr'>est</span> <span class='ocrx_word' id='word_1_776' title='bbox 1015 3574 1117 3611; x_wconf 86' lang='lat' dir='ltr'>mul-</span> 
     </span>
    </p>
   </div>
   <div class='ocr_carea' id='block_1_15' title="bbox 1158 3240 2105 3628">
    <p class='ocr_par' dir='ltr' id='par_1_23' title="bbox 1158 3240 2105 3628">
     <span class='ocr_line' id='line_1_121' title="bbox 1160 3240 2105 3296; baseline -0.002 -16"><span class='ocrx_word' id='word_1_777' title='bbox 1160 3244 1214 3280; x_wconf 55' lang='grc'>674</span> <span class='ocrx_word' id='word_1_778' title='bbox 1230 3243 1398 3283; x_wconf 53' lang='lat' dir='ltr'>victoria,</span> <span class='ocrx_word' id='word_1_779' title='bbox 1406 3240 1500 3291; x_wconf 80' lang='lat' dir='ltr'>ficut</span> <span class='ocrx_word' id='word_1_780' title='bbox 1507 3242 1648 3294; x_wconf 77' lang='lat' dir='ltr'>pristino</span> <span class='ocrx_word' id='word_1_781' title='bbox 1663 3242 1718 3280; x_wconf 87' lang='lat' dir='ltr'>die</span> <span class='ocrx_word' id='word_1_782' title='bbox 1731 3257 1796 3280; x_wconf 79' lang='lat' dir='ltr'>vos</span> <span class='ocrx_word' id='word_1_783' title='bbox 1809 3245 1985 3296; x_wconf 60' lang='lat' dir='ltr'>recipiam.</span> <span class='ocrx_word' id='word_1_784' title='bbox 1999 3253 2105 3278; x_wconf 59' lang='lat' dir='ltr'>armes</span> 
     </span>
     <span class='ocr_line' id='line_1_122' title="bbox 1159 3293 2102 3347; baseline -0.001 -12"><span class='ocrx_word' id='word_1_785' title='bbox 1159 3299 1373 3335; x_wconf 78' lang='lat' dir='ltr'>munimenta</span> <span class='ocrx_word' id='word_1_786' title='bbox 1388 3323 1398 3338; x_wconf 90' lang='lat'><em>‚</em></span> <span class='ocrx_word' id='word_1_787' title='bbox 1419 3310 1487 3333; x_wconf 81' lang='lat' dir='ltr'>non</span> <span class='ocrx_word' id='word_1_788' title='bbox 1509 3298 1734 3335; x_wconf 48' lang='lat' dir='ltr'>munimenta</span> <span class='ocrx_word' id='word_1_789' title='bbox 1753 3312 1848 3335; x_wconf 81' lang='lat' dir='ltr'>arma</span> <span class='ocrx_word' id='word_1_790' title='bbox 1871 3307 1947 3334; x_wconf 81' lang='lat' dir='ltr'>tuta</span> <span class='ocrx_word' id='word_1_791' title='bbox 1969 3293 2026 3347; x_wconf 69' lang='lat' dir='ltr'><em>ff</em></span> <span class='ocrx_word' id='word_1_792' title='bbox 2045 3296 2102 3334; x_wconf 81' lang='lat' dir='ltr'>de—</span> 
     </span>
     <span class='ocr_line' id='line_1_123' title="bbox 1160 3349 2103 3408; baseline -0.002 -18"><span class='ocrx_word' id='word_1_793' title='bbox 1160 3352 1250 3391; x_wconf 83' lang='lat' dir='ltr'>bent.</span> <span class='ocrx_word' id='word_1_794' title='bbox 1270 3351 1372 3404; x_wconf 64' lang='lat' dir='ltr'>castra</span> <span class='ocrx_word' id='word_1_795' title='bbox 1386 3349 1550 3394; x_wconf 78' lang='lat' dir='ltr'>habeant,</span> <span class='ocrx_word' id='word_1_796' title='bbox 1570 3364 1789 3408; x_wconf 79' lang='lat' dir='ltr'>repetantque</span> <span class='ocrx_word' id='word_1_797' title='bbox 1801 3350 1924 3404; x_wconf 72' lang='lat' dir='ltr'>quibus·</span> <span class='ocrx_word' id='word_1_798' title='bbox 1939 3365 2037 3405; x_wconf 78' lang='lat' dir='ltr'>operae</span> <span class='ocrx_word' id='word_1_799' title='bbox 2051 3353 2103 3388; x_wconf 61' lang='lat' dir='ltr'>eff</span> 
     </span>
     <span class='ocr_line' id='line_1_124' title="bbox 1159 3405 2103 3460; baseline -0.003 -14"><span class='ocrx_word' id='word_1_800' title='bbox 1159 3406 1293 3446; x_wconf 82' lang='lat' dir='ltr'>trahere</span> <span class='ocrx_word' id='word_1_801' title='bbox 1302 3405 1423 3444; x_wconf 79' lang='lat' dir='ltr'>bellum</span> <span class='ocrx_word' id='word_1_802' title='bbox 1437 3423 1447 3443; x_wconf 90' lang='lat'>.·</span> <span class='ocrx_word' id='word_1_803' title='bbox 1465 3421 1525 3445; x_wconf 82' lang='lat' dir='ltr'>nos</span> <span class='ocrx_word' id='word_1_804' title='bbox 1538 3411 1692 3447; x_wconf 78' lang='lat' dir='ltr'>omnium</span> <span class='ocrx_word' id='word_1_805' title='bbox 1701 3422 1814 3446; x_wconf 86' lang='lat' dir='ltr'>rerum</span> <span class='ocrx_word' id='word_1_806' title='bbox 1823 3408 2103 3460; x_wconf 55' lang='lat' dir='ltr'>respec‘Jumsprae-</span> 
     </span>
     <span class='ocr_line' id='line_1_125' title="bbox 1159 3460 2101 3516; baseline -0.004 -14"><span class='ocrx_word' id='word_1_807' title='bbox 1159 3475 1316 3516; x_wconf 80' lang='lat' dir='ltr'>terquam</span> <span class='ocrx_word' id='word_1_808' title='bbox 1330 3464 1482 3500; x_wconf 54' lang='lat' dir='ltr'>viatoria</span> <span class='ocrx_word' id='word_1_809' title='bbox 1495 3490 1507 3506; x_wconf 86' lang='lat'><em>,</em></span> <span class='ocrx_word' id='word_1_810' title='bbox 1535 3462 1631 3501; x_wconf 59' lang='lat' dir='ltr'>nobis</span> <span class='ocrx_word' id='word_1_811' title='bbox 1648 3462 1887 3515; x_wconf 72' lang='lat' dir='ltr'>abſst&#39;ndamus.</span> <span class='ocrx_word' id='word_1_812' title='bbox 1898 3460 1998 3513; x_wconf 69' lang='lat' dir='ltr'>ferte</span> <span class='ocrx_word' id='word_1_813' title='bbox 1998 3461 2101 3514; x_wconf 84' lang='lat' dir='ltr'>signa</span> 
     </span>
     <span class='ocr_line' id='line_1_126' title="bbox 1158 3513 2102 3571; baseline -0.003 -14"><span class='ocrx_word' id='word_1_814' title='bbox 1158 3523 1196 3557; x_wconf 76' lang='lat' dir='ltr'>in</span> <span class='ocrx_word' id='word_1_815' title='bbox 1217 3517 1341 3570; x_wconf 83' lang='lat' dir='ltr'>hostem</span> <span class='ocrx_word' id='word_1_816' title='bbox 1359 3534 1371 3554; x_wconf 91' lang='lat'>.·</span> <span class='ocrx_word' id='word_1_817' title='bbox 1404 3515 1469 3556; x_wconf 76' lang='lat' dir='ltr'>vbz&#39;</span> <span class='ocrx_word' id='word_1_818' title='bbox 1488 3529 1589 3556; x_wconf 87' lang='lat' dir='ltr'>extra</span> <span class='ocrx_word' id='word_1_819' title='bbox 1615 3519 1747 3556; x_wconf 82' lang='lat' dir='ltr'>vallum</span> <span class='ocrx_word' id='word_1_820' title='bbox 1765 3530 1887 3571; x_wconf 83' lang='lat' dir='ltr'>agmen</span> <span class='ocrx_word' id='word_1_821' title='bbox 1907 3513 2078 3568; x_wconf 67' lang='lat' dir='ltr'>exceffi’rit</span> <span class='ocrx_word' id='word_1_822' title='bbox 2090 3542 2102 3559; x_wconf 83' lang='lat'>‚</span> 
     </span>
     <span class='ocr_line' id='line_1_127' title="bbox 1159 3571 2104 3628; baseline -0.004 -16"><span class='ocrx_word' id='word_1_823' title='bbox 1159 3574 1262 3627; x_wconf 68' lang='lat' dir='ltr'>astra</span> <span class='ocrx_word' id='word_1_824' title='bbox 1281 3571 1403 3627; x_wconf 80' lang='lat' dir='ltr'><em>quibus</em></span> <span class='ocrx_word' id='word_1_825' title='bbox 1421 3576 1624 3628; x_wconf 77' lang='lat' dir='ltr'>imperatum</span> <span class='ocrx_word' id='word_1_826' title='bbox 1637 3577 1689 3611; x_wconf 69' lang='lat' dir='ltr'>eft</span> <span class='ocrx_word' id='word_1_827' title='bbox 1701 3600 1712 3615; x_wconf 91' lang='lat'><em>,</em></span> <span class='ocrx_word' id='word_1_828' title='bbox 1743 3571 1929 3610; x_wconf 71' lang='lat' dir='ltr'>incendant</span> <span class='ocrx_word' id='word_1_829' title='bbox 1941 3587 1953 3607; x_wconf 86' lang='grc'>.·</span> <span class='ocrx_word' id='word_1_830' title='bbox 1977 3572 2104 3609; x_wconf 82' lang='lat' dir='ltr'>damna</span> 
     </span>
    </p>
   </div>
   <div class='ocr_carea' id='block_1_16' title="bbox 175 3626 2102 3707">
    <p class='ocr_par' dir='ltr' id='par_1_24' title="bbox 175 3626 2102 3707">
     <span class='ocr_line' id='line_1_128' title="bbox 175 3626 2102 3707; baseline -0.006 -34"><span class='ocrx_word' id='word_1_831' title='bbox 175 3635 644 3689; x_wconf 83' lang='lat' dir='ltr'>titudoomnis.quicirca</span> <span class='ocrx_word' id='word_1_832' title='bbox 654 3629 1117 3677; x_wconf 80' lang='lat' dir='ltr'>erant‚inAEmi·liumte-</span> <span class='ocrx_word' id='word_1_833' title='bbox 1135 3629 1273 3707; x_wconf 58' lang='lat' dir='ltr'>lvcstra</span> <span class='ocrx_word' id='word_1_834' title='bbox 1301 3629 1428 3668; x_wconf 71' lang='lat' dir='ltr'>milites</span> <span class='ocrx_word' id='word_1_835' title='bbox 1453 3632 1607 3667; x_wconf 78' lang='lat' dir='ltr'>omnium</span> <span class='ocrx_word' id='word_1_836' title='bbox 1633 3631 1719 3667; x_wconf 78' lang='lat' dir='ltr'>circa</span> <span class='ocrx_word' id='word_1_837' title='bbox 1739 3654 1751 3670; x_wconf 95' lang='lat'><em>,</em></span> <span class='ocrx_word' id='word_1_838' title='bbox 1796 3629 1857 3678; x_wconf 77' lang='lat' dir='ltr'>qui</span> <span class='ocrx_word' id='word_1_839' title='bbox 1882 3626 1923 3664; x_wconf 81' lang='lat' dir='ltr'>a&#39;e</span> <span class='ocrx_word' id='word_1_840' title='bbox 1941 3638 2102 3668; x_wconf 82' lang='lat' dir='ltr'>ecerunt,</span> 
     </span>
    </p>
   </div>
   <div class='ocr_carea' id='block_1_17' title="bbox 2000 3694 2102 3737">
    <p class='ocr_par' dir='ltr' id='par_1_25' title="bbox 2000 3694 2102 3737">
     <span class='ocr_line' id='line_1_129' title="bbox 2000 3694 2102 3737; baseline 0 0"><span class='ocrx_word' id='word_1_841' title='bbox 2000 3694 2102 3737; x_wconf 77' lang='lat' dir='ltr'>popu-</span> 
     </span>
    </p>
   </div>
   <div class='ocr_carea' id='block_1_18' title="bbox 2380 0 2444 4067">
    <p class='ocr_par' dir='ltr' id='par_1_26' title="bbox 2380 0 2444 4067">
     <span class='ocr_line' id='line_1_130' title="bbox 2380 0 2444 4067; baseline 0 0"><span class='ocrx_word' id='word_1_842' title='bbox 2380 0 2444 4067; x_wconf 95' lang='lat' dir='ltr'> </span> 
     </span>
    </p>
   </div>
  </div>
 </body>
</html>
