2444 4067
857 127 1182 179 LIBER
1296 126 1392 178 Vl.

183 218 280 261 vrbis
290 236 298 259 ι
308 215 705 274 alterum‚quistqaialebi
711 224 820 255 motus
827 215 1142 268 egstitzffimdfiabi-

182 277 308 316 tabella
322 273 541 328 mittipoffl‘t‚
560 273 853 325 tertiumlonge
866 273 1141 311 validissimum

182 333 227 372 P.
240 334 433 374 Valerius,
445 335 485 369 ὃί
495 330 538 368 L.
554 328 738 369 AEmilius
747 327 799 367 ad
809 329 1006 367 Satricum
1016 329 1141 368 duxe-

181 403 238 428 re.
250 389 315 428 vbi
331 399 454 441 quum
471 388 599 423 aci-em
614 384 843 422 instruetam
857 382 1029 422 hostium
1046 385 1139 423 loco

182 458 298 499 atquo
308 439 547 481 inueniffent
557 468 567 485 ‚
579 440 782 494 extemplo
791 453 1031 494 pugnaturn:
1048 446 1089 479 &
1099 451 1140 478 vt

0 500 11 562 ’ἶ
180 498 364 539 nondum
379 498 468 536 satis
482 497 630 536 claram
641 497 845 535 viiloriam
856 523 867 541 ,
883 494 932 535 fic
950 496 1141 550 prospera:

180 556 258 610 spei
270 567 444 608 pugnam
459 552 826 606 imberingentibus
841 552 1027 605 procellis
1036 551 1140 590 fusus

51 633 169 670 ἱηὶνοι,
183 612 353 650 diremit.
400 608 564 648 Postero
582 607 647 648 die
662 612 805 647 iterata
820 622 954 662 pugna
971 623 979 644 2
1012 613 1052 647 &
1070 608 1141 646 ali-

0 675 4 717 ζ
24 674 154 730 φαίη-
184 663 380 720 quamdiu
407 678 520 719 aequa
542 667 691 704 virtute
717 664 961 717 fortunaque
990 665 1141 703 Latinae

0 763 2 769 ,
28 741 111 776 ,ψη
181 721 352 762 maxime
368 722 568 775 legiones,
584 721 706 775 longa
721 718 916 760 societate
939 722 1141 759 militiam..

24 777 55 799 ''5''
182 778 416 818 Romanam
426 776 810 822 edoerae‚restabant:
822 789 944 831 eques
954 773 1140 814 immiss'us

179 834 340 875 ordines
353 833 549 874 turbauit;
566 833 731 872 turbatis
749 832 852 886 signa
863 833 1043 886 peditum
1053 832 1140 869 illa-

12 897 17 922 ·“
35 932 38 938 A
178 903 232 931 ta:
244 889 1153 946 quantumqueRomana{einuexicacies‚tan->

178 960 266 988 tum
275 946 405 986 hostes
420 945 546 1000 gradu
558 944 725 985 demoti.
739 951 779 985 &
791 958 833 984 vt
842 945 961 984 iemel
972 946 1139 984 inclina-

177 1007 238 1042 uit
249 1015 381 1063 pugna
392 1030 402 1047 ,
419 1001 770 1041 iamintolerabilis
784 1002 970 1041 Romana
980 1006 1034 1040 vis
1045 1011 1140 1040 erat.

171 1058 874 1114 Fusthostes,quum8atricum,quod
884 1058 1041 1097 duobus
1050 1058 1137 1096 mil-

2069 148 2138 184 121

1186 214 1297 259 sculi,
1309 215 1509 269 Latinosqs
1520 215 1630 255 timul
1641 216 1907 258 obsidentium
1919 229 2001 274 atq;
2013 217 2141 259 obses-

1187 271 1274 309 sorsi
1283 275 1420 310 animo
1430 271 1681 312 hincmoenia
1692 279 1794 313 tueri
1805 274 2142 320 vident‚illincar-

1188 340 1277 366 cern
1293 341 1546 382 oppugnare,
1569 340 1718 368 terrere
1734 344 1809 369 vna
1824 344 1870 369 ac
1887 344 2045 384 pauere.
2071 330 2143 370 ad-

1185 395 1329 422 uentus
1347 383 1626 422 Romanorum
1642 397 1868 425 mutauerat
1883 387 2040 440 vtriusq;
2055 399 2143 440 par-

1186 441 1234 477 tis
1251 443 1417 477 animos.
1453 439 1706 478 Tusculanos
1729 454 1777 478 ex
1790 444 1943 495 ingenti
1960 455 2072 481 metu
2086 446 2146 480 in..

1185 494 1376 533 summam
1388 496 1657 534 alacritatem:
1674 496 1837 536 Latinos
1848 511 1895 535 ex
1903 496 2025 551 prope
2036 510 2147 537 certa

1187 549 1437 590 fiduciamox
1446 551 1777 605 capiendaearcis‚
1788 557 1979 606 quoniam
1994 552 2145 609 oppido

1185 610 1431 660 potirentur,
1445 611 1485 645 in
1495 611 1681 662 exiguam
1698 607 1748 647 de
1757 608 1881 663 seipsis
1895 609 2002 662 spem
2017 621 2149 648 verte-

1185 675 1258 701 rat.
1287 663 1464 702 Tollitur
1481 677 1529 703 ex
1545 677 1637 702 arce
1654 665 1806 704 clamor
1828 664 1877 703 ab
1893 664 2147 704 Tusculanis:

1187 722 1383 774 excipitur
1405 720 1612 774 aliquanto
1635 723 1785 759 maiore
1803 720 1852 760 ab
1868 725 2046 760 exercitu
2063 719 2149 760 Ro-

1185 788 1321 815 mano.
1332 780 1534 830 Vtrimque
1549 789 1737 830 vrgentur
1755 778 1909 816 Latini:
1931 791 2008 816 nec.
2023 781 2147 830 impe·
2162 765 2311 823 lesfflum

1189 842 1250 869 tus
1269 831 1587 871 Tusculanorum
1604 832 1905 872 decurrentium
1918 847 1966 872 ex
1974 834 2147 888 superio·
2161 826 2304 862 '‘amm''

1187 899 1228 925 re
1242 887 1335 927 loco
1352 888 1569 928 sustinent:
1605 902 1682 926 nec
1706 889 1912 928 Romanos
1933 889 2149 929 subeuntes

1187 948 1356 989 moenia,
1372 945 1623 997 molientesq;
1640 945 1776 984 obices
1791 958 1997 999 portarum
2012 958 2149 984 arcere

1188 998 1357 1052 poss'unt.
1368 1001 1479 1040 scalis
1492 1005 1598 1055 prius
1612 1006 1760 1040 moenia
1776 1015 1912 1055 capta:
1925 1002 2019 1041 inde
2034 998 2150 1041 effra-

1189 1056 1249 1093 &a
1260 1056 1426 1096 claustra
1437 1071 1653 1111 portarum.
1668 1063 1707 1097 δε
1725 1071 1850 1111 quum
1867 1072 2012 1112 anceps
2026 1058 2147 1096 hostis

175 1114 382 1154 libusinde
392 1116 628 1157 aberannon
639 1115 761 1154 castra
770 1113 1021 1169 peterent,ab
1032 1116 1141 1168 equi-

178 1183 219 1211 te
230 1171 401 1211 maxime
412 1170 505 1210 caefi.
518 1171 640 1210 castra
650 1183 780 1225 capta,
791 1171 1039 1225 direptaque.
1077 1168 1141 1208 Ab

181 1228 337 1267 Satrico
347 1229 480 1274 noete,
492 1241 578 1282 quae
587 1228 727 1281 proelio
737 1231 916 1281 proxima
927 1225 1003 1265 fuit
1013 1255 1023 1271 ‚
1039 1224 1142 1279 fugae

180 1282 297 1323 simili
312 1288 471 1338 agmine
486 1296 634 1338 petunt
649 1284 840 1323 Antium:
857 1289 898 1323 &
914 1297 1040 1337 quum
1055 1282 1141 1320 Ro-

178 1353 324 1380 manus
334 1343 529 1380 exercitus
537 1340 711 1395 propein
720 1339 1142 1393 vestigiissequeretur‚

1191 1116 1231 1150 <Sc
1240 1111 1261 1149 a
1272 1109 1406 1152 fronte
1417 1119 1457 1152 &
1467 1114 1487 1152 a
1500 1127 1613 1168 tergo
1624 1127 1800 1167 vrgeret;
1816 1128 1891 1153 nec
1902 1114 2149 1168 adpugnam„

1189 1168 1266 1206 vlla
1275 1172 1330 1206 vis
1341 1197 1350 1211 ‚
1365 1183 1443 1208 nec
1453 1169 1502 1208 ad
1513 1167 1645 1224 fugam
1657 1172 1735 1210 loci
1746 1173 1963 1224 quicquam
1979 1168 2150 1225 superes-

1189 1224 1264 1268 set,
1278 1228 1318 1263 in
1329 1225 1465 1265 medio
1483 1226 1568 1265 caefi
1584 1226 1634 1266 ad
1651 1240 1771 1265 vnum
1781 1241 1934 1266 omnes.
1961 1227 2151 1279 Recupe-

1189 1292 1275 1318 rato
1291 1281 1339 1320 ab
1355 1281 1531 1321 hostibus
1551 1282 1748 1328 Tusculo,
1766 1287 1961 1322 exercitus
1976 1283 2152 1322 Romam

1190 1336 1245 1375 est
1261 1337 1463 1378 redustus.

1539 1338 1712 1393 Qanto
1732 1343 1858 1394 magis
1885 1339 2075 1394 prosperis
2098 1351 2148 1376 eo
2177 1319 2318 1375 XX>⁵<1V0

179 1396 268 1451 plus
278 1409 415 1435 tamen
427 1400 566 1441 timor,
583 1400 771 1450 quamira
782 1397 1000 1435 celeritatis
1017 1394 1142 1433 habu-

180 1456 225 1491 it.
236 1456 341 1507 ptius
350 1456 489 1507 itaque
499 1452 856 1492 moeniaintrauere
867 1452 1013 1497 hostes,
1024 1465 1144 1505 quam

179 1507 388 1548 Romanus
403 1517 579 1548 extrema
590 1512 756 1563 agminis
766 1522 927 1563 carpere
938 1521 1143 1547 autmora-

181 1568 214 1603 ri
229 1565 371 1620 pofl'et.
383 1565 480 1605 inde
496 1566 654 1619 aliquot
671 1566 754 1605 dies
770 1565 961 1605 vastando
973 1579 1066 1619 agro
1076 1563 1141 1603 ab·

16 1625 26 1650 ·1
182 1621 437 1676 sumpti,nec
447 1622 639 1661 Romanis
649 1621 942 1661 satisinstruffls
954 1633 1146 1675 apparatu

1190 1406 1295 1431 anno
1309 1394 1421 1433 bellis
1431 1396 1646 1449 tranquilla
1660 1395 1898 1434 omniaforis
1909 1408 2041 1440 erant,
2058 1408 2146 1434 tan·
2163 1385 2332 1419 Plebsaerea-

1191 1461 1232 1488 to
1244 1452 1284 1488 in
1293 1451 1389 1490 vrbe
1399 1454 1454 1489 vis
1465 1451 1626 1491 Parrum
1636 1452 1763 1491 indies
1773 1452 2012 1506 miseriaeque
2022 1452 2146 1505 plebis
2159 1435 2231 1468 hem
2239 1445 2284 1480 ‘'1'‘

1190 1506 1442 1553 crescebant,
1459 1521 1584 1562 quum
1600 1522 1649 1547 eo
1664 1508 1765 1563 ipso,
1777 1507 2052 1562 quodnecess'e
2063 1518 2148 1547 erat
2160 1483 2244 1567 ¹732!st
2254 1510 2262 1522 ⁷
2277 1496 2312 1565 ΞΣ

1191 1564 1288 1600 lolui
1299 1591 1309 1607 ,
1326 1563 1495 1602 facultas
1509 1564 1690 1603 soluendi
1706 1564 1981 1618 impediretur.
2000 1569 2149 1618 itaque,
2162 1543 2324 1616 mbmfm.

1191 1631 1316 1671 quum
1330 1623 1409 1658 iam
1421 1633 1517 1659 exre
1528 1620 1627 1658 nihil
1643 1621 1726 1659 dari
1735 1619 1861 1674 posset
1870 1649 1880 1667 ,
1894 1620 1997 1660 fama
2008 1626 2049 1660 &
2061 1633 2148 1660 cor·
2163 1631 2246 1667 ndis.
2315 1621 2323 1627 '

186 1675 338 1717 bellico
357 1677 572 1716 admoenia
592 1676 860 1730 aggredienda
877 1705 888 1722 ‚
900 1691 987 1727 (nee
1003 1677 1078 1715 illis
1095 1675 1146 1714 ad

184 1731 438 1772 subeundum
452 1746 594 1786 pugnae
610 1733 755 1772 casum.
817 1733 970 1772 Seditio
987 1745 1072 1771 turn
1087 1735 1147 1769 in-

186 1802 247 1829 ter
261 1791 445 1828 Antiates
456 1788 698 1841 Latinosque
716 1802 857 1828 coorta
869 1805 877 1829 ;
894 1802 1019 1843 quum
1030 1791 1148 1826 Anti-

187 1859 271 1886 ates
281 1846 373 1886 visti
383 1844 508 1887 malis,
517 1842 746 1897 subadtique
757 1845 878 1889 bello,
889 1848 928 1882 in
940 1859 1021 1899 quo
1032 1850 1142 1884 &na-

116 1949 118 1951 ,
189 1906 390 1944 tierant&
401 1899 715 1944 consenuerant,
732 1899 987 1940 deditionem
998 1901 1147 1957 specsta-

16 1971 31 1993 κ’
68 1989 74 2001 -,
186 1971 300 2000 rent:
323 1958 487 1996 Latinos
502 1968 550 1994 ex
564 1955 720 1994 diutina
737 1970 835 2010 pace
849 1970 958 1996 noua
973 1957 1148 1997 defeffio

66 2022 83 2057 Li.
183 2013 415 2054 recentibus
430 2011 564 2051 adhuc
580 2016 719 2050 animis
729 2011 948 2053 ferociores
959 2014 1010 2054 ad
1019 2012 1148 2069 perse-

184 2069 366 2109 ucrandsi
376 2075 418 2108 in
429 2068 536 2108 bello
545 2067 711 2108 faceret.
724 2068 810 2108 finis
821 2075 1053 2124 certaminis
1063 2068 1150 2114 fuit,

184 2126 395 2182 postquam
409 2126 582 2179 Vtrisque
597 2130 799 2180 apparuit,
815 2126 1148 2181 nihilperalteros

184 2183 287 2222 stare
297 2197 379 2237 quo
389 2185 703 2237 minusincoepta
712 2182 1056 2240 persequerentur.
1073 2184 1147 2221 La-

188 2237 672 2294 tiniprofecstiasocietate
682 2240 1149 2293 pacis‚vtrebantur.,in-

188 2295 457 2341 honestae,ieie
467 2294 754 2334 vindicauerun
762 2308 789 2336 t.
803 2299 988 2336 Antiates
999 2301 1151 2336 incom-

187 2351 319 2391 modis
337 2352 491 2391 arbitris
505 2349 739 2390 salutarium
753 2352 1008 2391 consiliorum
1020 2366 1149 2391 remo-

188 2412 236 2447 tis
248 2437 257 2454 ,
274 2408 414 2447 vrbem
425 2407 619 2462 agrosque
636 2408 831 2448 Romanis
848 2409 1014 2448 dedunt.
1045 2410 1102 2447 lra
1115 2415 1152 2447 &

187 2464 316 2504 rabies
331 2465 569 2504 Latinorum
585 2491 595 2507 ‚
612 2467 705 2518 quia
721 2478 799 2504 nec
817 2465 1025 2504 Romanos
1044 2465 1151 2504 bello

189 2522 231 2560 1ae
239 2521 335 2567 dere
345 2552 353 2568 ,
370 2535 449 2561 nec
465 2520 632 2560 Volscos
646 2523 688 2558 in
699 2525 814 2559 armis
825 2525 997 2560 retinere
1009 2535 1104 2574 potu
1112 2535 1150 2559 e-
1164 2548 1165 2551 =

189 2590 292 2623 tant,
303 2591 353 2617 eo
364 2580 505 2632 erupit,
516 2588 560 2615 vt
569 2577 769 2616 Satricum
778 2577 916 2617 vrbem
927 2606 936 2623 ,
948 2591 1033 2632 quae
1042 2591 1151 2616 rece-

189 2635 397 2687 ptaculum
413 2638 587 2690 primum
602 2636 657 2672 eis
667 2633 836 2672 aduersae
852 2648 992 2689 pugnae
1009 2633 1153 2680 suerat,

191 2693 273 2744 igni
285 2701 698 2730 concremarent:nec
707 2690 818 2729 aliud
835 2691 984 2730 tastum
996 2694 1078 2729 eius
1090 2690 1152 2728 su-

191 2743 342 2801 perfuit
350 2747 455 2786 vrbis
475 2751 619 2800 (quum
629 2743 734 2786 faces
744 2747 1008 2801 paritersacris
1019 2744 1150 2801 profa-

192 2803 334 2855 nisque
342 2805 578 2851 iniicerent)
593 2816 714 2856 quam
724 2807 860 2842 matris
871 2804 1040 2843 Matutae
1050 2816 1152 2842 tern-

190 2857 421 2913 plum.inde
431 2873 498 2898 eos
507 2872 583 2899 nec
593 2859 657 2898 sua
667 2859 902 2913 religio,nec
911 2859 1157 2899 verecundia

193 2914 332 2954 Deum
342 2913 503 2954 arcuiffe
514 2915 661 2955 dicitur
670 2943 680 2960 ‚
698 2916 850 2955 sedvox
861 2916 1063 2955 horrenda
1073 2916 1155 2955 edi-

196 2983 235 3009 ta
246 2971 400 3024 templo
410 2984 503 3009 cum
511 2971 683 3011 tristibus
701 2976 814 3012 minis
825 3001 835 3018 ‚
852 2972 1055 3024 ninefhndos
1068 2976 1157 3026 tgnes

188 3027 307 3082 procul
315 3024 459 3065 delubris
466 3027 670 3080 amoug'ffi‘nt.
689 3027 872 3068 Incensos
886 3043 930 3068 ea
942 3029 1049 3068 rabie
1060 3058 1071 3074 ,
1082 3043 1155 3068 im-

194 3095 311 3137 petus
321 3082 538 3123 Tusculum
551 3084 664 3129 tulit,
681 3083 839 3124 obitam
849 3114 860 3131 ,
876 3085 989 3139 quod
1000 3086 1155 3124 deserto

195 3142 403 3178 communi
417 3142 592 3180 concilio
609 3141 846 3180 Latinorum
857 3170 866 3187 ,
881 3156 966 3181 non
981 3146 1021 3180 in
1031 3142 1156 3181 socie-

196 3193 324 3235 tatem
340 3195 465 3235 modo
480 3196 726 3241 Romanam,
743 3196 810 3237 sed
826 3201 1002 3237 etiamin
1013 3201 1155 3236 ciuita-

199 3264 283 3291 tem
298 3252 334 3291 se
345 3252 553 3291 dedissent.
566 3253 796 3307 patentibus
812 3258 935 3308 portis
949 3257 1155 3306 quumim-

196 3309 356 3362 prouiso
371 3308 616 3353 incidissent‚
632 3313 759 3363 primo
776 3310 953 3349 clamore
962 3309 1157 3364 oppidum

197 3378 341 3419 praeter
355 3378 491 3405 arcem
506 3377 668 3418 captum
684 3365 751 3404 est.
769 3368 808 3403 in
825 3379 958 3404 arcem
968 3365 1157 3420 oppidani

198 3420 382 3475 refugere
397 3435 491 3460 cum
505 3420 742 3474 coniugibus
756 3421 944 3460 acliberis
955 3422 1159 3461 :nuncios-

5 3490 10 3506 ν
60 3507 62 3530 5
200 3490 280 3530 que
290 3477 487 3523 Romam,
504 3481 573 3532 qui
583 3481 798 3517 certiorem
814 3477 864 3516 de
873 3478 940 3517 suo
951 3479 1039 3517 casu
1049 3478 1158 3517 sena-

62 3544 63 3550 *
202 3545 289 3572 tum
298 3531 650 3578 facerenssmisere.
673 3532 797 3572 Haud
806 3533 971 3588 segniu5‚
982 3548 1103 3587 quam
1114 3533 1159 3571 fi-

127 3611 129 3616 ν
204 3588 255 3627 de
265 3590 402 3644 populi
411 3589 587 3629 Romani
598 3590 764 3643 dignum
774 3587 863 3635 fuit,
875 3593 1069 3629 exercitus
1080 3589 1162 3628 Tu-

0 3650 14 3675 θ
203 3643 354 3684 sculum
363 3645 514 3686 duetus.
531 3647 576 3684 L.
589 3646 802 3700 QintiuS,
814 3651 854 3686 δε
867 3647 1023 3686 Seruius
1035 3645 1161 3699 Sulpi-

7 2794 35 2823 XX

1 3703 16 3729 ²⁷>
205 3702 288 3739 eius
303 3701 590 3742 tribunimilitfi
601 3702 762 3744 duxere.
773 3703 918 3743 clausas
927 3715 1060 3759 portas
1075 3701 1159 3741 Tu-
1172 3695 1188 3779 l

1192 1675 1465 1727 poreiudicati
1475 1688 1596 1730 atque
1610 1677 1759 1721 addirih'
1768 1677 2033 1717 creditoribus
2043 1676 2151 1716 satis—

1191 1728 1395 1770 faciebant
1411 1757 1421 1776 ,
1443 1745 1642 1785 poenaque
1665 1737 1705 1771 in
1715 1737 1845 1772 vicem
1860 1732 1956 1773 fidei
1978 1732 2153 1772 cesserat.

1193 1787 1297 1826 adeo
1307 1801 1399 1841 ergo
1410 1787 1609 1827 obnoxios
1618 1789 1891 1829 summiserant
1905 1793 2154 1828 animosnon

1192 1841 1320 1881 infimi
1335 1844 1461 1883 solum
1479 1873 1490 1890 ,
1513 1844 1580 1883 sed
1600 1848 1796 1899 principes
1813 1850 1935 1885 etiam
1948 1845 2095 1900 plebis,
2111 1857 2154 1883 vt

1193 1913 1274 1938 non
1293 1900 1418 1939 modo
1435 1899 1485 1939 ad
1500 1900 1751 1940 tribunatum
1768 1902 1945 1941 militum
1961 1906 2066 1940 inter
2082 1915 2153 1955 pa-

1195 1959 1329 1995 tricios
1339 1957 1583 2010 petendum,
1598 1956 1710 2010 quod
1726 1957 2085 1997 tantavivtliceret
2095 1970 2156 1995 te-

1195 2012 1430 2052 tenderant:
1450 2013 1519 2052 sed
1532 2026 1584 2051 ne
1598 2013 1650 2052 ad
1660 2012 1840 2067 plebeios
1849 2012 2017 2067 quidem
2031 2016 2156 2066 magi-

1195 2067 1333 2107 stratus
1344 2068 1602 2123 capessendos
1610 2068 1889 2123 petendosque
1903 2071 1971 2108 vlli
1981 2073 2066 2109 viro
2075 2072 2158 2108 acri

1196 2129 1497 2178 experientique
1507 2129 1661 2164 animus
1673 2123 1770 2165 esset
1779 2141 1786 2163 :
1796 2125 2157 2180 posseffionemque

1193 2180 1356 2221 honoris
1367 2182 1538 2236 vsurpati
1549 2181 1673 2221 modo
1685 2181 1705 2220 ὲ
1715 2182 1833 2236 plebe
1843 2196 1913 2236 per
1926 2195 2073 2236 paucos
2084 2194 2157 2220 an-

1196 2252 1289 2284 nos,
1305 2236 1551 2292 recuperass'e
1566 2242 1604 2277 in
1620 2251 1862 2292 perpetuum
1884 2238 2021 2277 Patres
2043 2237 2157 2277 vide-

1197 2308 1344 2333 rentur.
1380 2295 1445 2332 Ne
1463 2295 1503 2333 id
1513 2297 1628 2332 nimis
1643 2295 1778 2334 laetum
1795 2298 1894 2349 parti
1911 2294 2026 2333 alteri
2041 2292 2158 2338 esset,

1197 2365 1313 2404 parua
1325 2351 1757 2404 (vtplerumquesolet)
1767 2354 2161 2404 remingentemrno-

1198 2407 1324 2446 liundi
1337 2405 2163 2460 caustainteruenit.M.Fab1·1'Ambustipo-=

1199 2465 1318 2502 tentis
1329 2466 1421 2507 viri,
1440 2476 1564 2515 quum
1579 2467 1684 2502 inter
1698 2465 1751 2501 sui
1762 2466 1938 2517 corporis
1952 2461 2157 2507 homines,

1200 2532 1285 2557 tum
1302 2523 1421 2557 etiam
1439 2518 1489 2556 ad
1505 2518 1687 2571 plebem,
1713 2519 1825 2572 quod
1839 2518 2160 2572 haudquaquam

1198 2575 1349 2614 interid
1360 2588 1483 2629 genus
1494 2587 1752 2628 contemptor
1762 2574 2097 2620 eiushabcbatur,
2113 2574 2160 2612 fi-

1201 2632 1259 2670 liae
1276 2631 1505 2684 duaenuptae
1522 2631 1602 2669 Ser.
1616 2631 1790 2684 Sulpicio
1800 2636 1947 2677 maior,
1964 2635 2097 2671 minor
2108 2629 2158 2668 C.

1200 2689 1354 2726 Licinio
1366 2688 1639 2732 Stolonierat‚
1656 2687 1794 2726 illustri
1805 2687 1969 2741 quidem
1979 2691 2082 2731 viro,
2100 2699 2160 2725 ta-

1200 2758 1291 2782 men
1308 2744 1492 2797 plebeio:
1512 2742 1906 2798 eaqueipsaaffinitas
1916 2743 2023 2782 haud
2033 2744 2162 2797 spreta

1199 2804 1364 2854 gratiam
1374 2799 1497 2838 Fabio
1507 2799 1731 2854 advulgum
1742 2794 1955 2853 quaefierat.
1976 2798 2162 2839 Forteita

1200 2857 1360 2901 incidit,
1377 2869 1418 2895 vt
1429 2860 1467 2893 in
1481 2855 1558 2894 Ser.
1572 2855 2072 2910 Sulpiciitribunimilitum
2084 2855 2161 2894 do-

1201 2927 1266 2951 mo
1283 2914 1436 2952 sorores
1454 2911 1598 2958 Fabiae,
1616 2912 1903 2965 quuminterse
1919 2916 1988 2961 (vt
1999 2911 2069 2960 fit)
2083 2911 2160 2958 ser-

1201 2969 1387 3008 monibus
1411 2981 1567 3022 tempus
1590 2981 1770 3007 tererent
1791 2997 1804 3013 ,
1853 2969 1969 3008 lieror
1995 2968 2160 3021 Sulpicii

1201 3039 1325 3079 quum
1347 3029 1377 3062 is
1400 3024 1451 3064 de
1474 3021 1565 3063 foro
1585 3025 1622 3063 ie
1646 3026 1814 3063 domum
1835 3028 2034 3078 reciperet
2054 3051 2071 3078 ³:
2097 3021 2159 3061 fo-

1201 3096 1283 3121 rem
1294 3087 1363 3131 (vt
1372 3094 1458 3135 mos
1469 3080 1894 3134 est)virgapecuteret.
1908 3094 2031 3134 quum
2043 3078 2156 3123 adid,

1200 3141 1318 3177 moris
1329 3137 1570 3176 eiusinsueta
1581 3136 1796 3190 expauisset
1809 3150 1941 3176 minor
1951 3136 2068 3176 Fabia
2079 3163 2089 3180 ,
2105 3139 2158 3173 ri-

1177 3211 1182 3218 ·
1199 3196 1255 3234 sui
1270 3193 1389 3233 sorori
1404 3194 1480 3231 suit
1493 3220 1504 3237 ‚
1536 3196 1696 3232 miranti
1712 3197 1895 3247 ignorare
1918 3193 1958 3231 id
1971 3193 2158 3231 sororem.

1203 3251 1400 3289 Ceterum
1415 3252 1444 3286 is
1453 3248 1546 3287 risus
1562 3248 1740 3288 stimulos
1749 3253 1878 3303 paruis
1893 3248 2031 3287 mobili
2041 3248 2159 3286 rebus

1199 3310 1335 3346 animo
1345 3304 1530 3344 muliebri
1539 3304 1739 3344 subdidit:
1759 3303 1986 3358 frequentia
1995 3317 2162 3361 quoque

1200 3363 1365 3417 prosequ
1373 3365 1527 3401 entium
1538 3365 1847 3415 rogantiumque
1863 3360 2160 3414 numquidvelleae

1203 3417 1326 3458 credo
1337 3416 1588 3457 fortunatum
1597 3421 1899 3456 matrimonium
1909 3420 1944 3455 ei
1952 3419 2094 3455 sororis
2102 3419 2161 3453 vi—

1201 3475 1304 3514 sum:
1318 3474 1456 3528 suique
1466 3473 1585 3528 ipsam
1595 3474 1702 3512 malo
1713 3472 1878 3512 arbitrio
1888 3500 1898 3517 ,
1908 3485 1988 3525 quo
1999 3471 2161 3525 aproxi-

1203 3534 1275 3569 mis
1289 3531 1453 3584 quisque
1469 3530 1634 3569 minime
1651 3532 1791 3568 anteiri
1801 3529 1907 3573 vult,
1922 3526 2160 3581 pcenituiffe.

1204 3584 1407 3626 confusam
1418 3599 1508 3626 eam
1524 3600 1571 3625 ex
1580 3588 1731 3624 recenti
1741 3582 1869 3623 morsu
1878 3586 1996 3622 animi
2006 3611 2018 3629 ,
2034 3596 2159 3637 quum
2195 3583 2199 3588 “

1201 3655 1313 3698 pater
1328 3641 1432 3681 forte
1448 3640 1619 3686 vidisset,
1635 3639 2158 3694 perennetatusfiz'tinfiluaet

1203 3711 1457 3740 auertentem
1467 3726 1478 3745 ‚
1488 3697 1657 3738 caussam
1668 3697 1817 3736 doloris
1830 3698 2007 3750 (quippe
2017 3710 2039 3735 n
2047 3710 2092 3736 ec
2102 3696 2160 3733 sa-

2110 3762 2157 3789 tis
