2444 4067
982 14 1000 38 r

878 97 1215 153 LIBER

1306 99 1406 157 IX.
2067 130 2138 170 159

192 189 336 232 habitu
343 188 715 245 mittit‚pecoraque
731 185 904 228 diuersos
914 188 1033 228 alium
1050 186 1144 228 alibi
1187 191 1307 230 venies
1319 191 1338 228 ?
1365 193 1506 234 armati,
1513 192 1661 231 inermes
1667 219 1678 237 ,
1680 192 1809 246 fortes,
1818 195 1937 250 ignaui
1943 221 1955 240 ,
1957 198 2089 251 pariter
2100 213 2135 236 ρ,

192 247 302 287 haud
309 246 648 303 proculRomanis
658 243 813 298 pascere
823 243 937 283 iubet
952 243 1143 298 praefidiis:

190 301 479 343 vbiinciderint
487 303 526 338 in
535 298 834 353 praedatores,vt
842 298 948 338 idem
957 299 1143 339 omnibus

188 358 317 398 sermo
326 356 493 399 constet,
502 356 648 410 legiones
662 358 875 394 Samnitium
881 357 920 393 in
934 356 1058 411 Apulia
1072 353 1142 409 ff,

188 416 367 457 Luceriam
384 409 544 451 omnibus
565 411 665 466 copiis
678 409 914 464 circumfi’dere
926 428 938 449 .·
952 426 1013 450 nec
1026 411 1148 467 procul

188 467 387 523 abeffequin
394 470 439 507 vi
444 467 675 523 capiantJarn
686 469 763 506 &is
774 470 891 505 etiam
901 479 1038 506 rumor
1047 478 1141 505 ante

190 525 242 565 de
254 522 444 573 industria
466 522 647 576 vulgatus
663 534 830 561 venerat
844 520 895 560 ad
910 522 1139 567 Romanos,

186 578 255 619 sed
270 576 392 618 fidem
409 590 554 617 auxere
570 580 737 631 captiui,
754 591 803 616 eo
819 580 991 615 maxime
1002 605 1011 621 ‚
1028 575 1139 630 quod

185 634 311 674 sermo
334 636 439 673 inter
454 646 594 672 omnes
618 633 879 687 congruebat.
914 633 1038 672 Haud
1054 644 1140 672 erat

186 689 354 729 dubium
363 717 375 735 ‚
392 692 490 744 quin
501 687 704 728 Lucerinis
713 702 832 743 opem
842 689 1050 727 Romanus
1058 686 1139 727 fer-

181 744 377 791 ret,bonis
387 759 433 784 ac
442 743 630 785 fidelibus
640 743 877 784 sociiszfimul
885 757 936 782 ne
946 744 1089 797 Apulia
1099 758 1139 782 o-

182 804 286 840 mnis
296 800 346 841 ad
355 801 586 856 praesentem
600 799 751 840 terrore
761 798 966 840 deficeret.
984 803 1047 837 via
1054 812 1137 838 mo-

184 855 254 903 do,
264 870 343 911 qua
352 861 457 896 irent
466 856 704 896 consultatio
713 853 801 895 fuit.
835 857 937 895 Duae
951 854 1003 894 ad
1013 856 1138 893 Luce-

183 916 281 952 riam
290 911 571 957 ferebantviae‚
589 913 715 952 altera
729 924 869 967 praeter
883 925 995 951 oram
1010 911 1138 965 superi

183 972 302 1008 maris
321 980 460 1021 patens
476 980 693 1022 apertaque
708 988 717 1014 ;
740 967 807 1008 sed
824 980 977 1019 quanto
994 970 1137 1011 tutior,

9 1029 159 1072 arculam?
186 1036 298 1064 tanto
313 1022 396 1063 fere
405 1024 583 1078 longior:
603 1024 726 1064 altera
740 1038 810 1079 per
827 1022 1015 1062 Furculas
1028 1022 1134 1061 Cau-

8 1076 173 1117 m'uudinarff
184 1080 294 1120 dinas
310 1079 487 1125 breuior3
501 1079 568 1118 sed
582 1083 635 1119 ita
651 1093 767 1120 natus
784 1080 896 1119 locus
906 1079 962 1118 est
983 1094 991 1116 ε
1019 1077 1137 1117 saltus

5 1128 32 1212 *il
41 1129 154 1177 '‘rll'm·
183 1135 263 1176 duo
273 1135 512 1190 alti‚angusti
521 1133 729 1190 filuofique
739 1136 837 1180 sunt,
847 1134 1051 1175 montibus
1062 1137 1134 1173 cir-

10 1243 11 1246 *
29 1214 32 1244 1
182 1205 231 1231 ca
245 1192 285 1231 se
299 1194 500 1247 perpetuis
515 1194 619 1231 inter
634 1191 801 1232 seiunffl
817 1207 826 1230 :
844 1195 1060 1230 iacetinter
1068 1203 1136 1228 eos

9 1253 13 1266 ⁴
181 1247 272 1287 satis
281 1260 420 1302 patens
431 1246 582 1287 clausus
597 1250 638 1286 in
653 1248 788 1287 medio
804 1258 964 1301 campus
976 1275 987 1292 ,
1004 1245 1135 1285 herbi-

4 1246 32 1428 ἤ
183 1303 274 1347 dus.
289 1303 535 1357 aquosusque
545 1331 556 1348 ,
571 1317 773 1358 perquem
787 1303 966 1343 medium
979 1306 1053 1341 iter
1067 1301 1133 1340 est.

7 1386 10 1411 ,⁴
179 1359 352 1399 sedante
362 1373 483 1412 quam
493 1364 628 1398 venias
638 1358 1002 1405 adeum‚1ntrandae
1012 1361 1135 1412 prime

31 1429 32 1470 ξ
181 1414 765 1470 angustiaeiunt,&auteadem‚
776 1429 854 1470 qua
863 1414 1135 1455 teinsmuaue-

8 1473 32 1535 ἔῃ
180 1474 364 1516 ris‚retro
373 1471 850 1525 viarepetendazautfiire
859 1485 977 1526 porro
987 1483 1136 1525 pergas,

183 1540 256 1581 per
265 1528 388 1566 alium
403 1527 546 1566 saltum
555 1528 763 1567 notiorem
774 1528 1134 1582 ,impeditioremq3

14 1595 23 1631 ι
179 1582 448 1623 euadendum.
481 1582 526 1621 In
535 1596 627 1622 eum
638 1597 824 1638 campum
837 1587 898 1622 via
907 1583 983 1621 alia
992 1596 1060 1636 pet
1070 1596 1134 1621 ca-

27 1594 33 1707 l
179 1651 275 1678 uam
288 1651 430 1692 rupem
446 1639 622 1677 Romani
637 1637 801 1678 demisso
815 1642 973 1693 agmine
983 1667 995 1685 ‚
1011 1650 1134 1691 quum

181 1694 235 1732 ad
249 1693 342 1732 alias
358 1693 552 1747 angustias
569 1697 749 1747 protinus
763 1707 994 1748 pergerent,
1011 1694 1136 1748 septas

181 1749 341 1789 deiectu
354 1748 542 1788 arborum
557 1750 819 1804 saxorumque
829 1754 1051 1804 ingentium
1063 1750 1134 1788 ob-

179 1808 338 1845 iacente
345 1805 453 1843 mole
461 1804 794 1858 inuenere-quum
803 1803 906 1844 fraus
914 1805 1062 1844 hostilis
1073 1818 1132 1858 ap·

178 1859 365 1916 paruiffet
382 1888 395 1906 ,
421 1858 640 1914 praefidium
659 1864 781 1900 etiam
802 1864 844 1900 in
860 1860 1014 1901 summo
1033 1860 1136 1900 saltu

181 1918 422 1971 conspicitur
438 1930 447 1952 :
470 1918 582 1955 citati
596 1915 693 1955 inde
708 1929 817 1956 retro
833 1930 911 1970 qua
926 1928 1135 1962 venerant,

180 1983 542 2027 perguntrepetere
551 1975 673 2011 viam:
692 1985 782 2011 eam
790 1986 955 2027 quoque
963 1971 1134 2012 clausam

179 2027 246 2067 sua
261 2026 401 2072 obice,
421 2027 618 2081 armisque
633 2031 861 2068 inueniunt.
884 2028 1021 2068 sistunt
1039 2027 1134 2067 inde

179 2082 349 2138 gradum
358 2082 437 2122 fine
445 2083 738 2139 vlliusimperio
748 2085 943 2139 ,stuporq;
953 2088 1134 2124 omnium

181 2143 336 2180 animos
362 2167 373 2185 ,
407 2153 454 2179 ac
475 2141 587 2179 velut
613 2152 751 2195 torpor
773 2140 939 2194 quidam
959 2140 1136 2180 insolitus

132 2211 140 2220 ·
177 2195 359 2237 membra
368 2207 481 2235 tenet
496 2211 504 2233 :
522 2197 804 2251 intuentesque
813 2198 876 2246 alij
888 2197 1136 2251 alios(quum

178 2253 351 2293 alterum
366 2252 531 2306 quisque
545 2256 670 2307 magis
686 2256 832 2292 mentis
847 2267 1081 2307 compotem
1089 2266 1135 2291 ac

179 2308 330 2358 confilij
341 2307 551 2356 ducerent)
564 2307 866 2348 diuimmobiles
877 2308 1001 2348 (ssent.
1021 2308 1135 2348 dein-

180 2364 497 2418 devbipraetoria
512 2364 721 2403 consulum
738 2368 834 2418 erigi
849 2365 1005 2410 videte,
1016 2370 1056 2404 &
1067 2378 1133 2403 ex-

178 2420 318 2477 pedire
333 2419 531 2474 quosdam
545 2420 657 2460 vtilia
671 2423 807 2474 operi,
823 2434 1066 2474 quamquam
1079 2420 1137 2458 lu-

180 2476 310 2517 dibrio
327 2474 414 2516 fore
429 2479 661 2515 munientes
675 2475 840 2530 perditis
856 2476 995 2522 rebus,
1010 2490 1056 2515 ac
1071 2475 1135 2529 spe

178 2536 290 2573 omni
304 2531 492 2587 adempta
507 2531 748 2572 cernebant;
764 2544 960 2572 tamenne
977 2532 1134 2586 culpam

181 2590 293 2628 malis
304 2587 523 2634 adderent,
539 2601 610 2643 pro
620 2587 657 2627 se
673 2587 838 2642 quisque
855 2602 930 2628 nec
946 2587 1133 2627 hortante

180 2644 277 2689 vilo,
286 2658 361 2685 nec
370 2648 594 2698 imperante
603 2644 655 2683 ad
664 2644 930 2684 muniendum
938 2643 1036 2684 verfi
1046 2672 1056 2689 ,
1067 2657 1133 2683 ca-

179 2700 423 2756 strapropter
431 2713 577 2754 aquam
585 2700 689 2741 vallo
705 2700 978 2741 circumdant:
994 2698 1135 2753 suaipfi

182 2755 1015 2811 opera,laboremqueirritum(preterquam
1023 2755 1136 2810 quod

181 2811 313 2852 hostes
328 2811 494 2866 superbe
509 2812 795 2867 increpabant)
815 2826 907 2852 cum
927 2811 1135 2852 miserabili

181 2866 427 2908 confeffione
436 2868 658 2908 eludentes.
687 2868 753 2908 Ad
765 2868 945 2908 consules
962 2883 997 2906 m
1004 2867 1134 2913 oest05,

181 2938 232 2964 ne
243 2922 487 2963 aduocantes
502 2924 665 2978 quidem
678 2928 720 2964 in
729 2924 935 2964 confilium
945 2924 1135 2978 (quando

181 2994 259 3020 nec
270 2978 432 3019 confilio
441 2993 519 3019 nec
526 2981 673 3020 auxilio
683 2982 796 3020 locus
806 2979 926 3029 effet)
941 2981 1004 3019 sua
1019 2982 1134 3034 spon·

42 3067 43 3075 ,
184 3037 365 3092 telegati,
376 3048 422 3074 ac
432 3035 580 3074 tribuni
591 3040 852 3075 conueniunt:
862 3036 1085 3090 militesque
1095 3040 1136 3074 in

42 3077 51 3146 l>
181 3095 408 3146 praetorium
417 3091 526 3135 versi,
536 3105 653 3146 opem
664 3119 675 3137 ,
685 3106 805 3146 quam
813 3095 876 3131 vix
892 3094 957 3141 Dij
972 3097 1134 3131 immor-

184 3149 282 3187 tales
300 3146 402 3186 ferre
417 3159 604 3201 poterant
617 3175 628 3193 ‚
652 3147 702 3187 ab
722 3147 888 3187 ducibus
906 3149 1133 3201 exposcunt.

185 3203 690 3258 Qerentesmagis‚quam
699 3205 971 3244 consultantes
981 3217 1060 3242 nox
1069 3217 1132 3258 op-

184 3260 328 3315 pressit.
345 3272 470 3312 quum
481 3272 550 3312 pro
558 3263 721 3314 ingenio
731 3260 894 3314 quilque
904 3257 1134 3298 fremerent:

184 3317 281 3356 alius
285 3329 349 3371 per
355 3314 460 3354 obices
467 3318 610 3353 viarum
620 3331 628 3356 ς
637 3318 734 3355 alius
735 3329 798 3371 per
804 3313 938 3368 adueifii
950 3319 1135 3360 montium,

1185 259 1283 285 mnes
1293 247 1384 300 capti
1393 257 1498 299 atque
1506 245 1727 299 vitiificmus.
1743 249 1933 301 neferrum
1947 253 2086 305 quidem
2093 252 2142 292 ad

1186 299 1270 340 bene
1276 302 1493 339 moriendum
1505 300 1679 341 oblaturus
1692 303 1863 358 esthoslu:
1876 306 1998 359 fidens
2013 306 2136 347 bellum

1183 355 1426 408 cotficiet.His
1436 358 1612 395 inuicem
1621 357 1865 399 sermonibus
1876 375 1952 414 qua
1963 362 2137 416 cibi‚qua

1185 415 1330 465 quietis
1344 415 1579 457 immernor,
1594 425 1675 451 nox
1691 414 1868 454 traducta
1887 415 1950 455 est.
1988 417 2053 457 Ne
2071 417 2136 458 Sa-

1184 466 1377 506 mnitibus
1390 465 1555 520 quidem
1569 467 1778 507 confilium
1792 473 1833 508 in
1848 481 1930 510 tam
1945 470 2040 511 laetis
2049 472 2136 528 sup-

1184 521 1350 616 petebat
1373 521 1505 561 rebus.
1538 525 1675 576 itaque
1696 523 1862 563 vniuerfi
1881 527 2137 568 Herennium

1217 581 1376 617 ontium
1385 589 1538 631 patrem
1554 582 1804 632 imperatoris
1818 592 1888 634 per
1898 580 2030 622 literas
2041 596 2136 624 conf-

1183 633 1393 672 sulendum
1408 633 1581 673 censent.
1615 634 1736 674 lamis
1752 639 1911 688 grauior
1927 642 2038 677 annis
2052 650 2138 679 non

1182 688 1415 728 militaribus
1431 689 1556 728 solum
1571 716 1582 734 ,
1602 689 1669 729 sed
1684 690 1867 730 ciuilibus
1886 705 2051 748 quoque
2067 695 2138 733 ab·

1182 744 1361 784 scesserat
1374 745 1606 784 muneribus
1622 761 1630 782 :
1658 749 1697 784 in
1708 759 1877 801 corpore
1892 760 2028 788 tamen
2043 747 2137 790 affe-

1182 801 1245 839 ἃο
1256 800 1478 855 vigebatvis
1487 804 1622 845 animi,
1631 801 1873 855 consiliique.
1908 804 1941 842 Is
1951 804 2016 844 vbi
2025 818 2140 845 acce-

1181 859 1242 910 pit
1267 858 1318 895 ad
1343 856 1527 895 Furculas
1548 856 1752 896 Caudinas
1773 863 1878 897 inter
1894 859 1996 900 duos
2019 861 2136 901 saltus

1181 911 1330 950 clausos
1340 915 1536 951 exercitus
1546 913 1968 958 Romanos,consultus
1979 916 2030 956 ab
2038 930 2137 955 nun*

1183 969 1245 1006 cio
1255 966 1311 1006 fili
1311 981 1325 1017 J
1339 997 1352 1012 ‚
1371 967 1501 1021 conficit
1508 982 1623 1007 omnes
1629 968 1711 1008 inde
1719 983 1822 1023 quam
1830 975 1985 1026 primum
1991 975 2135 1013 inuiola-

1180 1035 1233 1062 tos
1251 1024 1485 1063 dimittendos.
1514 1037 1600 1077 quae
1619 1024 1686 1063 vbi
1707 1025 1834 1078 spreta
1849 1027 2043 1067 sententia
2058 1029 2135 1074 est,

1179 1082 1408 1133 iterumque
1424 1080 1570 1119 eodem
1581 1093 1785 1118 remeante
1795 1086 1944 1121 nuncio
1954 1083 2138 1123 consule-

1183 1133 1230 1173 ba
1235 1147 1311 1179 tur,
1319 1136 1444 1189 censuit
1451 1136 1499 1175 ad
1503 1150 1618 1174 vnum
1625 1151 1741 1175 omnes
1747 1139 2008 1189 interficiendos.
2028 1139 2137 1194 Qae

1182 1190 1247 1229 vbi
1262 1191 2136 1249 tamdiseordiainterse,velutexancipitio-

1180 1247 1530 1301 raculo,responsa
1546 1247 1638 1287 data
1652 1248 1758 1287 sunt:
1775 1262 2016 1303 quamquam
2033 1249 2138 1290 filius

1180 1305 1207 1355 ik
1221 1302 1306 1341 sein
1316 1307 1450 1357 primis
1459 1307 1538 1342 iam
1549 1306 1726 1342 animum
1737 1318 1899 1358 quoque
1909 1310 2027 1360 patris
2036 1320 2135 1346 con-

1177 1357 1339 1399 senuisse
1354 1363 1394 1397 in
1418 1356 1564 1400 affecto
1583 1374 1751 1414 corpore
1775 1360 1937 1401 rebatur
1959 1378 1968 1401 ε
1998 1374 2136 1402 tamen

1179 1415 1371 1454 consensu
1380 1419 1562 1455 omnium
1572 1416 1693 1455 vieius
1704 1416 1759 1455 est
1768 1443 1779 1460 ,
1795 1429 1838 1456 vt
1852 1417 1976 1471 ipsum
1985 1421 2024 1456 in
2036 1432 2136 1458 con-

1179 1471 1314 1510 cilium
1323 1476 1482 1510 acciret.
1518 1471 1607 1510 Nec
1616 1485 1800 1525 grauatus
1810 1472 1945 1517 senex,
1961 1472 2136 1527 plaustro

1178 1529 1219 1565 in
1229 1527 1350 1567 castra
1362 1527 1507 1567 dicitur
1515 1527 1658 1567 adue&
1665 1541 1724 1566 us:
1736 1530 1980 1583 vocatusque
1989 1533 2030 1569 in
2039 1542 2135 1570 con-

1179 1583 1394 1627 cilium‚ita
1408 1580 1532 1622 ferme
1547 1584 1708 1622 locutus
1719 1582 1806 1628 effe,
1817 1598 1860 1624 vt
1868 1585 1966 1624 nihil
1974 1585 2135 1626 senten-

1179 1640 1242 1676 tiae
1256 1638 1328 1677 suae
1344 1651 1520 1678 mutaret
1544 1653 1554 1679 3
1585 1639 1730 1677 cauffas
1747 1652 1903 1679 tanturn
1925 1640 2131 1682 adiiceret.

1178 1697 1295 1734 Priore
1293 1694 1334 1748 ſs
1339 1695 1471 1747 confilio
1477 1722 1488 1738 ‚
1495 1695 1591 1749 quod
1593 1699 1760 1750 optimum
1767 1696 1922 1741 duceret,
1929 1712 2007 1736 cum
2008 1709 2130 1754 poten-

1177 1752 1304 1804 tissimo
1311 1753 1431 1807 populo
1438 1764 1501 1807 per
1512 1755 1634 1805 ingens
1648 1750 1847 1802 beneficium
1853 1765 2053 1809 perpetuam
2056 1756 2129 1806 fir-

1177 1820 1272 1845 mare
1272 1819 1403 1863 pacem,
1411 1810 1669 1861 amicitiamque
1676 1825 1687 1844 .·
1693 1809 1800 1846 altero
1807 1809 1990 1861 confilio,in
1998 1811 2130 1849 multas·

1176 1873 1300 1907 aetates,
1307 1862 1431 1917 quibus
1441 1864 1566 1916 amissis
1574 1862 1703 1902 duobus
1708 1865 1917 1902 exercitibm
1926 1865 2129 1918 haudfacile

1176 1930 1348 1975 receptura
1362 1923 1459 1959 vires
1464 1926 1617 1959 Romana
1622 1933 1675 1958 res
1680 1916 1767 1972 cffit,
1776 1917 1898 1958 bellum
1905 1920 2129 1974 diffi²rre.ter-

1175 1977 1266 2013 tium
1274 1976 1405 2014 nullum
1411 1975 1582 2028 consilium
1588 1972 1695 2028 effe).
1716 1973 1861 2028 Qum
1869 1973 1970 2014 filius
1981 1978 2131 2029 aliique

1178 2033 1373 2085 principes
1394 2029 1696 2084 percunctando
1714 2033 1990 2084 exquirerent,
2004 2031 2134 2086 quidsi

1177 2086 1289 2126 media
1298 2090 1361 2127 via
1368 2085 1540 2139 confilium
1548 2092 1722 2141 caperetur
1730 2102 1740 2129 ,²
1756 2098 1804 2125 vt
1813 2086 1859 2131 ὠ
1866 2086 2131 2128 dimitterentur

1176 2144 1370 2187 incolumes,
1379 2143 1424 2187 ὠ
1431 2143 1516 2196 leges
1522 2142 1565 2181 iis
1571 2145 1645 2181 iure
1651 2140 1729 2181 belli
1736 2143 1843 2180 vietis
1850 2145 2108 2199 imponerentur
2117 2154 2128 2180 Ξ

1178 2199 1244 2252 Ista
1249 2199 1390 2253 quidem
1387 2197 1576 2252 sententia,
1586 2200 1729 2251 inquit,
1739 2213 1776 2236 ea
1784 2201 1918 2253 effiquae
1925 2214 2035 2253 neque
2040 2203 2128 2239 ami·

1178 2269 1230 2293 cos
1237 2266 1352 2311 parat,
1360 2268 1470 2308 neque
1475 2256 1633 2293 inimicos
1639 2255 1740 2293 tollit.
1773 2260 1799 2291 S
1798 2265 1913 2293 eruate
1919 2254 2018 2294 modo
2026 2284 2036 2299 ‚
2046 2267 2130 2310 quos

1177 2314 1367 2365 ignominia
1376 2309 1608 2349 irritaueritis.
1617 2325 1655 2348 ea
1662 2310 1864 2362 cstRomana
1871 2325 1975 2364 gens,
1991 2324 2061 2365 quae
2069 2314 2129 2351 vi-

1178 2368 1232 2404 tta
1239 2365 1404 2421 quicstere
1410 2365 1534 2418 nesc'iat
1541 2382 1552 2402 :
1568 2369 1670 2404 viaet
1665 2365 1799 2421 semper
1804 2369 1843 2404 in
1853 2367 2048 2421 peiloribits
2054 2369 2130 2406 illo·

1177 2436 1255 2460 rum
1263 2422 1430 2476 quicquid
1431 2412 1513 2474 istuc
1512 2420 1652 2476 praesens
1659 2422 1834 2474 neccssitas
1840 2420 1994 2474 inuffirit
2000 2439 2011 2460 :
2019 2438 2130 2478 neque

1177 2492 1230 2516 eos
1236 2490 1318 2516 ante
1326 2477 1526 2532 multiplices
1531 2488 1652 2531 poenas
1659 2479 1832 2533 expetitas
1838 2475 1859 2515 a
1867 2476 1972 2516 maha
1986 2478 2128 2532 quicste-

1176 2533 1318 2585 refinet.
1378 2533 1534 2571 Neutra
1549 2531 1745 2570 lententia
1758 2545 1936 2586 accepta.
1967 2534 2127 2573 Heren-

1176 2594 1263 2627 nius
1287 2590 1454 2627 domum
1470 2587 1490 2625 e
1506 2587 1636 2626 castris
1654 2587 1708 2626 est
1729 2589 1900 2627 auectus.
1939 2589 1987 2629 Et
2003 2594 2043 2628 in
2060 2603 2125 2629 ca-

1175 2644 1257 2683 stris
1277 2645 1469 2683 Romanis
1502 2656 1625 2696 quum
1651 2640 1788 2682 frustra
1817 2644 1936 2684 multi
1961 2658 2128 2685 conatus

1176 2700 1226 2739 ad
1237 2699 1528 2753 erumpendum
1547 2701 1650 2753 capti
1666 2698 1790 2738 eil'ent
1800 2702 1931 2738 &iam
1946 2705 2130 2740 omnium

1177 2770 1311 2796 rerum
1330 2758 1466 2808 inopia
1489 2754 1583 2793 effet
1604 2782 1614 2798 ,
1647 2755 1738 2793 vic‘ti
1763 2754 1993 2795 neceffitate
2019 2757 2127 2811 lega-

2185 2532 2253 2575 rvi

1179 2825 1239 2851 tos
1257 2817 1425 2851 mittunt
1439 2839 1446 2853 .
1462 2813 1530 2863 qui
1548 2813 1717 2863 primum
1732 2823 1872 2864 pacem
1891 2825 2043 2865 aequam
2062 2827 2127 2867 pe·

1177 2880 1321 2908 terent:
1330 2866 1356 2906 fi
1364 2880 1506 2921 pacem
1513 2879 1595 2905 non
1605 2869 1922 2920 impetrarent,vt
1930 2881 2127 2922 prouoca-

1176 2937 1265 2964 rent
1275 2923 1323 2962 ad
1338 2936 1522 2977 pugnam.
1556 2920 1620 2960 Tu
1627 2936 1662 2960 m
1673 2921 1851 2967 Pontius,
1859 2921 2063 2964 debellatum
2070 2920 2128 2977 effi
2140 2939 2212 2970 pact,
2220 2948 2286 2972 con.

1176 2980 1313 3035 respon
1321 2979 1358 3018 di
1364 2978 1609 3032 t:&quoniam
1615 2993 1659 3017 ne
1666 2980 1758 3017 vic‘i‘i
1764 2978 1903 3032 quidem
1909 2995 1948 3018 ac
1953 2983 2042 3036 capti
2043 2980 2124 3032 for·
2138 2984 2254 3020 ditiones
2261 3002 2279 3019 ι,
2291 3004 2307 3016 .

1176 3049 1298 3077 tunam
1295 3034 1549 3089 fateristirent,
1555 3037 1704 3073 inermes
1709 3049 1786 3072 cum
1781 3035 1928 3089 fingulis
1939 3037 2124 3089 vestimen·
2137 3041 2180 3067 ter
2189 3040 2208 3068 S
2210 3038 2307 3069 amni·

1177 3091 1285 3147 tissub
1292 3096 1410 3146 iugum
1418 3086 1604 3146 miffi'irum:
1612 3090 1698 3129 alias
1706 3090 1916 3130 conditiones
1916 3092 2007 3146 pacis
2013 3105 2125 3145 aquas
2137 3091 2175 3115 ’Ἡ
2188 3086 2224 3120 &⁴
2238 3091 2295 3117 Ro-

1176 3149 1283 3187 vieta
1290 3163 1327 3186 ac
1335 3146 1608 3199 vidioribusfbre
1614 3160 1625 3181 .·
1641 3160 1721 3201 agro
1730 3149 1942 3185 Samnitium
1953 3146 2124 3185 decedere·
2138 3142 2256 3166 manum
2260 3158 2268 3166 ·

1176 3217 1246 3247 tur,
1253 3205 1382 3242 coloniae
1395 3201 1652 3246 abducerentur,
1650 3201 1724 3255 stus
1731 3201 1855 3240 deinde
1861 3200 1988 3255 legibus
2002 3209 2124 3240 Roma-

1174 3275 1260 3299 num
1274 3274 1312 3297 ac
1318 3261 1510 3296 Samnitem
1518 3258 1740 3311 aequofoedere
1746 3258 2002 3295 vittarumflis
2009 3257 2124 3296 condi-

1174 3313 1327 3354 tionibus
1329 3325 1491 3370 paratum
1493 3313 1532 3367 se
1538 3311 1711 3366 cffifoedus
1718 3328 1795 3351 cum
1806 3319 1834 3350 C
1833 3311 2000 3365 onffilibus
1995 3313 2124 3365 ferire:

177 3380 243 3428 per
242 3373 364 3424 filum,
373 3386 440 3426 qua
436 3371 536 3424 ferri
548 3386 645 3410 arma
653 3383 828 3428 poterant,
836 3386 952 3410 eamus
958 3388 970 3409 .·
984 3372 1084 3410 modo
1090 3371 1138 3410 ad
1163 3372 1203 3425 st
1210 3370 1305 3425 quod
1307 3385 1423 3409 eorum
1431 3370 1500 3424 disp
1504 3371 1602 3409 liceat
1608 3398 1620 3413 ,
1634 3371 1759 3423 legatos
1765 3372 1837 3407 iam
1843 3368 1955 3406 redire
1961 3368 2008 3406 ad
2008 3367 2047 3421 se
2059 3382 2130 3406 ve«-

0 3447 4 3453 ·
36 3427 44 3454 ¹
181 3426 312 3481 *hostem
318 3431 499 3483 peruenire
515 3429 613 3465 liceat
622 3456 631 3471 ‚
647 3442 748 3482 quem
756 3441 863 3466 annos
874 3429 945 3465 iam
951 3440 1055 3482 prope
1068 3430 1133 3465 tri-

183 3486 286 3539 ginta
299 3487 477 3523 vincimus
487 3499 495 3522 3
511 3487 627 3522 amnia
638 3499 729 3538 aqua
742 3498 782 3521 ac
786 3483 890 3538 plana
902 3494 1005 3521 crunt
1011 3490 1133 3521 Roma-

0 3556 6 3563 ·
48 3545 49 3566 ¹
188 3543 233 3578 no
248 3543 285 3578 in
301 3540 471 3595 perfidum
487 3543 680 3579 Samnitem
696 3542 875 3595 pugnanti.
897 3539 1013 3582 alius,
1037 3541 1134 3590 Qo,

78 3640 81 3649 ¹
97 3640 100 3643 ¹
190 3606 249 3632 aut
261 3609 328 3649 qua
342 3611 456 3634 eamus
471 3599 489 3633 ?
513 3611 598 3634 num
612 3609 745 3635 montes
759 3596 874 3633 moliri
875 3593 956 3648 sede
958 3592 1021 3648 sua
1034 3607 1133 3648 para-

0 3657 9 3684 ss
191 3663 268 3688 mus
284 3658 295 3690 Ξ
320 3651 403 3692 olum
411 3650 475 3690 hac
482 3654 642 3691 immine*
661 3665 716 3692 ent
727 3656 825 3705 iuga,
840 3664 908 3704 qua
915 3648 1136 3702 tuadhtstem

1174 3431 1258 3466 tuit:
1291 3426 1390 3464 Haec
1399 3439 1523 3479 quum
1537 3425 1682 3478 legatio
1699 3425 2016 3465 renunciaretur,
2032 3435 2124 3462 tan-

1176 3495 1236 3521 tus
1245 3485 1414 3537 gemitus
1425 3484 1604 3519 omniurn
1615 3480 1741 3518 subito
1751 3491 1911 3518 exortus
1922 3476 2125 3523 est,tanta-

1175 3551 1253 3591 que
1262 3537 1445 3577 moestitia
1456 3534 1620 3587 incessit,
1629 3547 1673 3574 vt
1682 3549 1759 3573 non
1771 3537 1927 3588 grauius
1936 3545 2166 3607 acceptu-q

1175 3599 1205 3631 ri
1220 3593 1466 3636 viderentur,
1476 3590 1767 3630 finunciaretur
1778 3588 1962 3628 omnibus
1971 3602 2019 3627 eo
2029 3589 2133 3627 loco·

1177 3662 1347 3690 mortem
1364 3646 1633 3703 oppetendam
1650 3643 1750 3737 esse.)
1770 3645 1916 3698 Qum
1933 3642 2121 3707 diufilen-

1811 3714 1833 3737 2
2019 3711 2123 3737 tlum
